2968 5064
625 343 645 404 ί)

524 430 738 440 ⁸——-·—-—----—-—⁴

6 479 50 620 hl
88 549 248 614 omnibus
276 550 375 630 igitur
404 550 598 616 animalibus
621 552 786 632 voluptas
801 557 833 616 et
861 551 952 614 dolor
985 549 1165 614 hominibus
1194 566 1278 620 com-

46 654 87 718 ia
116 654 252 736 sunno).
298 651 436 717 Διάνοια
455 672 533 718 vero
556 661 589 720 et
610 658 734 736 θεωρία
757 661 831 718 sunt
852 655 909 737 τῆς
938 656 1044 736 ψυχῆς
1072 645 1227 736 νοητικῆς
1245 657 1278 718 et

30 751 76 824 ¹nn
95 763 164 842 τὴν
180 760 334 836 θεωρίαν,
359 758 409 821 cui
425 757 575 840 Zellern)
597 777 713 822 nomen
727 759 777 844 νῷ
791 759 947 843 κοιητικῷ
969 756 1093 835 indidit,
1117 756 1208 836 sequi
1223 774 1277 818 vo-

19 867 150 936 tatem¹
172 867 286 926 contra
307 862 397 926 locos
420 863 548 936 alios¹²)
572 866 605 926 et
626 866 737 926 noster
758 861 900 926 ostendit
923 866 953 927 et
975 859 1082 938 alii¹³).
1114 860 1282 950 Habemus.

6 987 79 1050 ¹ur
107 984 234 1047 genera
255 965 431 1046 voluptatis
454 962 506 1028 ἀπ’
531 964 720 1049 αἰσθήσεως,
744 961 808 1030 ἀτιό
826 966 977 1046 διανοίας,
994 961 1060 1028 circo
1082 965 1223 1047 θεωρίας
1246 969 1279 1026 ct

5 1093 63 1136 ae
82 1069 281 1136 Aristoteles
305 1069 411 1132 verbis
434 1069 577 1149 proxime
600 1068 769 1150 perhibitis
792 1069 909 1132 docuit
924 1069 969 1132 sic
985 1067 1095 1148 paucis
1111 1065 1280 1147 complecti

5 1165 181 1248 insumus:

29 1301 65 1346 a.
96 1277 260 1359 αἴσθησις,
290 1273 425 1354 διάνοια,
456 1277 581 1358 θεωρία
613 1277 700 1339 πάσα
729 1275 810 1357 πρὸς
837 1270 873 1338 τὸ
904 1271 1067 1358 αίοθητόν,
1099 1269 1279 1357 διανοητόν,

89 1375 266 1462 θεωρητόν
288 1375 414 1460 ἐνεργεῖ.
1068 1393 1070 1400 ⁴

145 1509 174 1548 α.
198 1481 278 1548 κατά
305 1485 411 1546 πάσαν
434 1483 593 1566 αἴσθησιν,
617 1479 771 1561 διάνοιαν,
799 1483 943 1562 θεωρίαν
971 1477 1100 1562 έστίνῆ
1129 1475 1230 1564 ἡδονὴ
1258 1475 1281 1566 ἢ
1344 1487 1347 1498 “

200 1580 309 1668 λύπη-ἵ

32 1698 70 1759 b.
99 1692 204 1755 τελεία
220 1686 299 1771 (κατ’
317 1685 447 1772 άρετην)
471 1689 627 1772 αἴσθησις,
652 1685 787 1763 διάνοια,
806 1693 931 1770 θεωρία
948 1691 1033 1756 κάτα
1049 1678 1084 1754 εὖ
1102 1685 1280 1773 διακειμένη

94 1794 163 1860 ἐστὶ
178 1793 259 1874 πρὸς
274 1793 310 1856 τὸ
328 1788 497 1857 κάλλιστον
514 1791 678 1876 αἰσθητόν,
696 1791 876 1876 διανοητόν,
898 1792 1074 1878 θεωρητόν.

151 1901 180 1982 β.
204 1895 285 1961 κατά
299 1898 405 1960 πᾶσαν
420 1898 542 1962 τελείαν
558 1897 719 1980 αἴσθησιν,
736 1894 891 1980 διάνοιαν,
907 1900 1050 1981 θεωρίαν
1067 1895 1152 1963 ἐστὶν
1166 1893 1282 1980 ηδονή.

37 2025 67 2070 (τ.
95 1996 276 2083 τελειοτάτη
301 2008 341 2075 (s.
358 2002 519 2082 βελτίστη)
544 2001 702 2084 α’ίσθησις,
728 1997 861 2087 διάνοια,
885 2005 1009 2083 θεωρία
1024 1999 1137 2083 άριστα
1162 2005 1215 2081 (22
1232 1991 1281 2080 εὖ)

97 2102 279 2188 διακειμένη
298 2101 362 2169 ἐστὶ
384 2100 466 2184 πρὸς
484 2101 520 2169 τὸ
544 2100 714 2184 κράτιστον
737 2101 929 2187 (κάλλιστον)
952 2109 1019 2170 των
1041 2101 1097 2188 ὑφ’
1122 2100 1231 2184 αὑτάς.

151 2233 181 2292 γ.
203 2210 283 2273 κατά
304 2211 364 2281 τὴν
385 2205 586 2291 τελειοτάτην
608 2209 769 2291 αἴσθησιν,
798 2207 955 2286 διάνοιαν,
983 2212 1128 2290 θεωρίαν
1151 2206 1237 2273 ἐστὶν
1259 2200 1280 2290 ἡ

204 2309 382 2394 τελειοτάτη
406 2307 487 2391 (κατ’
512 2307 777 2397 &praeiudiciorum

96 2418 212 2497 Neque
250 2435 328 2481 uero
366 2414 443 2494 ἕξεις
474 2415 536 2479 ἐνι
569 2414 693 2500 κτήσεις
726 2416 914 2497 intellegere
949 2415 1172 2494 Aristotelem,
1212 2433 1283 2480 cum

2 2527 158 2606 ίσθησιν,
194 2515 348 2599 διάνοιαν,
382 2517 525 2599 θεωρίαν
559 2520 650 2601 sequi
679 2507 877 2600 voluptatem
911 2519 997 2599 dicit,
1035 2520 1091 2583 sed
1126 2515 1283 2601 ἐνεργείας

2 2645 98 2708 eque
129 2624 209 2688 satis
238 2631 385 2688 accurate
414 2623 598 2688 distinxisse
626 2622 716 2687 initio
741 2642 869 2688 sensum
897 2624 1056 2704 duplicem
1084 2621 1222 2687 efficitur
1251 2627 1283 2687 et

2 2735 75 2808 ide,
104 2727 192 2808 quod
213 2727 362 2808 voluptas
384 2732 421 2791 ut
442 2745 518 2807 pars
540 2726 597 2808 τῆς
619 2723 839 2809 εὐδαιμονίας,
863 2745 945 2808 quae
968 2744 1072 2806 neque
1095 2723 1156 2804 ίξις
1178 2743 1283 2806 neque

2 2839 116 2918 ιῆσις,
141 2830 199 2895 sed
221 2828 360 2913 ἐνέργεια
382 2837 441 2907 est,
464 2848 527 2894 non
550 2831 581 2893 in
605 2829 823 2910 facultatibus,
850 2833 907 2898 scd
929 2832 962 2895 in
982 2849 1092 2895 earum
1114 2829 1284 2895 functioni-

5 2959 50 3003 ns
70 2935 184 3018 posita
200 2935 241 2999 sit
257 2953 389 2998 necesse
409 2939 468 3012 est,
492 2938 524 2997 et
545 2933 629 3014 quod
650 2934 719 3014 ipse
739 2935 950 3016 philosophus
972 2938 1085 3014 postea
1100 2932 1219 2997 rectius
1236 2930 1283 2996 iv·

2 3043 122 3126 ργείας
143 3056 222 3103 voce
244 3038 355 3117 utitur,
380 3056 635 3118 quemquamne
658 3045 725 3102 tum
749 3039 877 3119 quidem
901 3038 961 3103 sibi
985 3042 1120 3102 constat.

104 3144 193 3222 Ergo
216 3143 396 3206 accuratius
419 3143 481 3205 iam
505 3141 550 3205 sic
573 3141 759 3206 statuimus:

40 3269 75 3314 a.
101 3246 259 3328 αἴσθησις,
290 3244 424 3318 διάνοια,
459 3246 582 3327 θεωρία
609 3246 695 3308 πάσα
721 3241 803 3325 πρὸς
830 3247 867 3311 τό
902 3242 1067 3330 αἰσθητόν,
1103 3237 1284 3328 διανοητόν,

99 3344 269 3431 θεωρητόν
293 3345 420 3431 ἐνεργεῖ.
448 3339 449 3342 “
705 3331 709 3340 “

152 3476 181 3518 α.
205 3461 232 3516 1.
266 3449 347 3514 κατὰ
368 3454 477 3516 πᾶσαν
499 3453 659 3535 αἴσθησιν,
689 3450 845 3532 διάνοιαν,
874 3454 1019 3534 θεωρίαν
1046 3439 1067 3538 ᾗ
1090 3448 1285 3534 ἐνεργοῦσαν
1386 3486 1393 3498 ·

270 3551 355 3620 ἐστὶν
376 3553 399 3640 ἢ
420 3551 523 3640 ἡδονή
545 3551 568 3638 ἢ
590 3554 685 3638 λύτιη.

207 3665 234 3725 2.
270 3660 351 3725 κατὰ
372 3663 479 3724 πᾶσαν
500 3654 659 3742 ένέργειάν
681 3657 767 3724 ἐστιν
788 3656 811 3742 ἢ
832 3657 935 3743 ηδονη
957 3655 980 3742 ἢ
1003 3655 1099 3741 λύπη.
1244 3737 1249 3746 ¹

41 3767 76 3830 b.
99 3765 202 3827 τελεία
225 3761 305 3845 (κατ’
330 3760 457 3847 οίρετὴν)
481 3760 618 3847 ἐνέργεια
641 3759 714 3828 καθ’
739 3761 873 3827 ἕκαστον
896 3753 933 3827 εὖ
955 3759 1151 3846 διακειμένης
1174 3759 1285 3846 αἰσθή-

102 3885 192 3948 σεως,
216 3868 369 3943 διανοίας,
391 3869 532 3950 θεωρίας
553 3866 635 3949 πρὸς
657 3867 693 3932 τὸ
715 3864 885 3932 κάλλιστον
908 3863 1072 3952 αἰσθητόν,
1103 3864 1284 3952 διανοητόν,

101 3968 280 4054 θεωρητόν.

3 4161 4 4170 ¹
152 4075 182 4156 β.
205 4072 286 4138 κατά
307 4075 413 4139 πᾶσαν
435 4071 594 4158 ἐνέργειαν
615 4077 736 4140 τελείαν
758 4073 843 4139 ἐστὶν
865 4069 979 4159 ἡδονή.

51 4199 78 4244 c.
102 4177 280 4262 τελειοτάτη
308 4176 447 4263 ἐνέργεια
474 4176 547 4244 καθ’
576 4177 711 4245 ἕκαστον
737 4181 795 4263 τῆς
818 4176 930 4260 άριοτα
953 4175 1150 4262 διακειμένης
1173 4175 1284 4262 αἰσθή-

104 4299 194 4360 σεως,
219 4282 370 4362 διανοίας,
393 4285 535 4366 θεωρίας
556 4280 637 4366 πρὸς
658 4288 695 4349 τὸ
717 4278 888 4364 κράτιστον
909 4279 964 4367 ὑφ’
991 4277 1098 4358 αὑτάς.
1189 4277 1193 4285 ’

155 4410 183 4468 γ.
207 4385 288 4449 κατά
310 4382 369 4469 την
391 4384 589 4470 τελειοτάτην
612 4383 771 4470 ἐνέργειαν
793 4383 812 4470 ἡ
836 4383 1015 4469 τελειοτάτη
1038 4379 1152 4470 ἡδονή.

3 4505 5 4542 1
105 4491 176 4569 Quo
205 4487 303 4569 igitur
329 4489 504 4569 perfectior
531 4490 687 4570 qualitate
715 4497 765 4558 est
787 4486 807 4575 ἡ
831 4487 979 4574 ἐνέργεια,
1007 4508 1045 4555 eo
1070 4480 1286 4571 perfectiori]

4 4590 113 4678 ἡδονή.
1184 4589 1186 4596 ’
