2968 5064
821 317 840 376 8

722 403 937 412 ...-.....—-.--.-

187 525 304 592 evadat
319 530 353 590 et
366 530 535 605 utramque
552 542 617 590 uno
634 526 725 603 quasi
741 525 906 607 complexu
924 527 1081 588 coereeat.
1119 523 1275 586 Exstetne
1290 523 1389 586 talis
1411 533 1467 584 nou

188 629 275 710 apud
297 629 512 708 Aristotelem,
548 647 587 693 ea
615 647 698 692 nunc
728 629 873 709 quaestio
902 630 1053 694 nascitur.
1100 625 1151 690 Sic
1179 627 1264 690 enim
1286 645 1361 689 nos
1395 631 1468 688 stau

187 733 280 810 imus,
305 732 457 812 quidquid
480 732 519 796 de
541 731 833 798 locisAristoteleis
856 734 907 799 vel
931 731 1156 807 concludamus
1179 729 1231 794 vel
1254 729 1468 793 coniiciamr·

187 836 333 900 simodo
357 836 389 900 id
413 835 565 916 consequi
593 837 780 916 poterimus,
812 857 852 902 ex
883 837 984 916 ipsius
1018 833 1199 914 philosophi
1234 833 1435 897 sententiis

185 941 276 1005 velut
309 959 348 1003 ex
380 937 479 1003 initiis
513 957 550 1002 ac
583 939 800 1004 lundamentis
834 959 904 1004 esse
937 939 990 1005 vel
1025 938 1249 1002 excutiendum
1283 937 1341 1001 vel
1385 945 1472 1001 ratu·

187 1043 378 1107 faciendum.
984 1041 986 1046 '

272 1144 375 1222 'Quid
397 1162 483 1222 vero,
508 1143 536 1208 si
559 1163 594 1209 re
616 1163 693 1210 rera
716 1147 856 1211 occurrit
878 1147 948 1210 loco
971 1151 1058 1210 certo
1086 1145 1187 1224 ipsius
1216 1144 1374 1208 auctoris
1405 1159 1475 1218 non

187 1249 344 1314 eiusmodi
367 1248 490 1312 maior?
524 1253 574 1312 An
601 1248 696 1312 fallor
722 1250 755 1313 in
784 1268 831 1327 eo,
855 1250 940 1330 quod
969 1251 1031 1315 eth.
1055 1251 1124 1316 Nic.
1147 1249 1187 1324 X,
1209 1255 1230 1311 4
1252 1267 1285 1328 p.
1310 1255 1419 1315 1170
1440 1241 1475 1310 ap}

187 1355 311 1434 κυρίως
335 1348 547 1416 αἰσθάνεσθαι
568 1351 720 1432 intellego
743 1371 839 1416 sensu
866 1354 961 1433 pleno
991 1353 1132 1418 sentire?
1166 1351 1230 1414 Pro
1258 1369 1323 1431 quo
1359 1337 1473 1432 ponor

188 1457 266 1522 licet
287 1453 436 1539 ἐνεργεῖν,
459 1460 496 1520 ut
519 1473 617 1536 supra
631 1456 867 1535 explicavimus,
914 1457 1002 1534 Quae
1025 1462 1132 1522 autem
1156 1474 1237 1536 opus
1259 1461 1337 1520 sunt
1364 1356 1476 1544 plen}

186 1560 367 1626 functioni?
390 1560 512 1640 Nempe
535 1560 620 1624 iusta
646 1559 790 1624 condicio
813 1565 845 1624 et
868 1561 1083 1641 perceptionis
1111 1565 1144 1625 et
1165 1561 1212 1625 rei
1236 1559 1474 1640 percipiendas

187 1685 211 1728 a-
230 1683 294 1744 qua
316 1664 439 1744 seiungi
462 1663 549 1728 nullo
572 1664 666 1727 modo
689 1669 798 1743 potest
819 1666 978 1746 voluptas,
1024 1664 1116 1741 Quod
1139 1683 1255 1728 nomen
1277 1662 1324 1726 illi
1352 1663 1457 1726 notio

190 1768 339 1848 ampliori
352 1766 468 1832 indidit
480 1767 693 1832 Aristoteles?
713 1767 757 1830 Τὸ
774 1770 830 1850 ζῆν
845 1770 967 1848 κυρίως
982 1763 1194 1832 αἰσθάνεσθαι
1210 1765 1288 1831 dicit
1302 1767 1324 1829 l.
1344 1767 1371 1830 l.
1394 1781 1462 1844 pan

188 1871 298 1952 posita
326 1891 385 1952 pro
414 1876 499 1950 toto,
528 1871 647 1936 rectius
676 1871 719 1935 ib.
743 1878 903 1937 11751212
931 1866 951 1953 ἡ
980 1867 1014 1935 δέ
1043 1869 1105 1954 ζωὴ
1134 1867 1271 1951 ἐνέργειά
1298 1871 1352 1943 τίς
1390 1867 1474 1958 ἐστιν

188 1974 445 2054 Distinguendae
468 1993 544 2055 ergo
560 1981 635 2039 sunt
655 1975 802 2039 notiones
825 1975 908 2039 duae
931 1977 1042 2039 eodem
1058 1976 1184 2039 nomine
1200 1972 1366 2056 ἐνεργείας
1387 1973 1475 2053 signi

189 2075 319 2144 ficatae:
344 2075 482 2160 ἐνέργεια
504 2097 601 2143 sensu
625 2080 819 2159 angustiore,
844 2098 907 2159 qua
922 2079 1079 2162 αἴσθησις,
1097 2075 1231 2157 διάνοια,
1249 2080 1385 2162 θεωρία
1413 2063 1476 2141 con-¹

190 2181 344 2262 tinentur‚
367 2187 399 2246 et
421 2178 559 2263 ἐνέργεια
581 2202 677 2248 sensu
700 2182 868 2262 ampliore,
900 2202 963 2263 qua
987 2183 1267 2265 comprehenditur
1294 2183 1367 2247 vita
1402 2185 1476 2276 iptq

188 2283 283 2348 Unde
306 2283 443 2350 efficitur
464 2287 663 2367 voluptatem
685 2292 811 2368 partem
834 2305 906 2351 esse
922 2284 1095 2366 ἐνεργείας,
1121 2286 1243 2350 scilicet
1263 2286 1354 2351 illius
1383 2287 1467 2350 latin·

192 2388 346 2467 patentis.
386 2389 576 2468 Ceteroquin
597 2409 702 2456 nonne
717 2390 862 2454 mirabile
879 2390 930 2469 sit,
947 2389 1007 2453 nisi
1024 2391 1109 2469 quod
1125 2386 1284 2471 ἐνέργειαν
1298 2391 1468 2454 arctiores

191 2490 224 2554 in
248 2491 345 2557 aliam
367 2493 519 2558 laxiorem
543 2492 664 2572 efferat,
689 2495 720 2558 id
743 2495 847 2574 ipsum
872 2511 996 2574 quoque
1020 2493 1062 2557 sit
1084 2490 1243 2574 deiopeia?

293 2593 357 2692 Sed
373 2613 554 2675 careamus,
578 2617 618 2661 ne
632 2598 678 2661 ita
701 2595 872 2680 ἐπιθυμίας
895 2615 1020 2678 quoque
1036 2615 1189 2676 cogamur
1204 2594 1369 2679 ἐνεργείας
1394 2598 1476 2666 vitun

186 2701 313 2777 partem
336 2717 407 2762 esse
423 2701 607 2778 concedere,
626 2720 705 2781 quas
721 2707 757 2765 ut
776 2703 972 2782 voluptatem
989 2701 1149 2782 αἴσθησιν,
1171 2701 1218 2763 ita
1232 2700 1322 2780 ipsas
1346 2719 1469 2784 quoqu·

187 2801 388 2882 voluptatem
411 2803 501 2883 sequi
523 2805 714 2869 Aristoteles
736 2805 889 2886 docete).
934 2804 1031 2884 Atqui
1052 2803 1127 2883 quid
1152 2804 1259 2868 obstet
1274 2805 1354 2884 quin
1380 2805 1465 2868 etian

186 2903 227 2968 de
251 2923 290 2968 ea
311 2925 346 2970 re
369 2906 504 2986 cogitari
525 2926 621 2988 posse
644 2908 870 2986 concedamuS,
895 2906 1185 2971 coniunctissimam
1209 2900 1291 2970 enim
1314 2909 1463 2972 rationeu

188 3009 273 3072 inter
288 3009 343 3073 illa
358 3010 425 3081 tria
436 3011 635 3076 intercedere
654 3030 754 3091 eaque
770 3011 862 3091 quasi
879 3030 976 3074 unum
993 3009 1153 3089 quoddam
1172 3028 1209 3073 ac
1225 3015 1327 3092 totum
1345 3011 1476 3075 effice-»u

140 3173 145 3184 ,
191 3129 230 3175 ex
253 3111 354 3192 ipsius
377 3113 559 3195 philosophi
581 3113 689 3180 verbis
711 3114 915 3179 manifestum
937 3118 1081 3192 eam-²²).

293 3215 427 3280 Illorum
450 3217 534 3280 enim
556 3217 654 3282 trium
678 3217 897 3281 coniunctione
919 3216 1005 3280 ritae
1027 3216 1150 3282 formae
1178 3215 1329 3280 ridentur
1354 3197 1476 3281 effurrnl

192 3335 310 3381 omnes.
355 3318 469 3382 Anima
493 3319 576 3384 enim
598 3319 636 3384 iis
659 3321 763 3385 tribus
792 3319 904 3385 subest
931 3320 982 3385 vel
1009 3319 1117 3400 potius
1140 3315 1314 3384 Aristotele
1344 3323 1465 3400 quiden

190 3425 324 3486 auctore
359 3423 502 3502 corporis
537 3421 705 3506 ἐντελέχεια
737 3426 789 3489 rel
823 3442 941 3506 corpus
980 3423 1087 3488 anima
1126 3423 1356 3505 animatumffi).
1414 3426 1467 3488 Pu·

188 3521 370 3589 functiones
386 3527 469 3590 enirn
484 3526 572 3591 foras
589 3519 657 3609 agit
672 3529 776 3593 anima
794 3530 905 3609 suique
921 3527 1144 3592 documentum
1162 3525 1236 3604 edit,
1260 3544 1323 3606 quo
1340 3535 1467 3593 ersten<

189 3626 339 3705 cernitur,
355 3630 577 3694 causasubest
589 3632 677 3696 nulla
689 3634 752 3696 alia
766 3633 828 3696 nisi
843 3633 980 3696 facultas
997 3633 1141 3712 corporis
1158 3628 1327 3716 ἐντελεχείᾳ
1346 3631 1466 3696 innata:

189 3749 249 3810 per
272 3733 451 3813 appetitum
474 3739 507 3798 et
529 3737 727 3816 voluptatem
750 3737 857 3802 anima
879 3735 960 3816 agit,
990 3755 1061 3800 curn
1093 3734 1254 3799 actionum
1282 3734 1415 3798 illarum
1438 3751 1464 3797 m

191 3852 320 3900 suarum
344 3837 404 3901 sihi
428 3839 555 3903 conscia
577 3837 622 3916 fit,
645 3858 704 3920 per
727 3841 906 3920 appetitum
927 3845 1001 3904 ante
1025 3857 1079 3902 eas
1103 3856 1200 3918 opera
1223 3836 1463 3916 imaginationis.

188 3957 248 4019 per
275 3940 473 4020 voluptatem
502 3942 594 4007 simul
625 3961 696 4008 cum
723 3944 772 4011 iis.
817 3944 921 4009 Causa
952 3961 1043 4020 vero,
1067 3961 1131 4022 qua
1153 3941 1351 4016 excitantur,
1383 3942 1464 4006 furro-

189 4043 294 4109 tiones
318 4049 401 4108 sunt.

293 4129 379 4230 Ergo
401 4145 467 4213 κατ’
484 4143 568 4224 εἶδος
582 4149 704 4214 functio
721 4169 834 4216 sensus
851 4149 1080 4217 constrictioris
1096 4147 1270 4229 voluptatis
1293 4148 1461 4229 (appetitus

188 4268 254 4315 non
276 4258 327 4316 est
348 4252 442 4318 huius
465 4254 540 4336 loci)
570 4255 755 4318 accessione
783 4253 957 4336 perficitur.
1002 4255 1074 4318 Non
1104 4253 1276 4318 accedente
1304 4253 1459 4332 voluptate

189 4355 274 4420 actio
298 4360 348 4420 est
369 4356 511 4436 simplem
535 4358 576 4421 ad
599 4357 739 4422 animam
761 4359 866 4423 relata
887 4359 1023 4435 nullam,
1053 4355 1168 4420 referri
1193 4359 1301 4418 autem
1330 4373 1398 4419 eam
1426 4339 1476 4426 adl

191 4459 381 4540 principium
406 4460 567 4524 conscium
583 4479 716 4540 prorsus
737 4479 868 4526 necesse
884 4468 942 4539 est,
967 4458 1053 4540 quod
1070 4463 1176 4523 exstat
1193 4457 1313 4522 functio
1328 4462 1458 4522 tanturn-

188 4563 285 4626 modo
309 4581 372 4643 qua
393 4562 468 4627 talis
489 4563 636 4642 principii
659 4563 794 4643 functio,
818 4564 963 4645 quamvis
991 4563 1187 4644 cogitatione
1215 4561 1341 4642 quidem
1369 4563 1456 4628 etiam
