2968 5064
837 292 856 350 n

303 498 404 562 Nutat
391 501 540 562 ttamen
568 495 694 561 Aristot
681 498 799 563 teies'
790 518 825 564 rn
852 499 1004 580 gradibus
1031 502 1187 580 ponendis
1217 507 1466 571 convenientiis

131 601 554 670 ·fflmmtm.

303 723 394 788 Haec
416 741 514 804 supra
537 723 699 804 exscripta
721 722 882 804 excipiunt
905 725 1025 807 (1174b
1044 731 1209 804 23—33):
1239 733 1355 793 τελειυῑ
1375 729 1422 794 δὲ
1449 759 1461 794 ι

197 824 361 911 Ιἐνέργειαν
382 822 403 910 ἡ
427 822 539 910 ἡδονή.
590 824 631 892 οὐ
655 825 712 890 τόν
744 824 845 892 αὐτὸν
868 825 1045 910 δὲτρόπον
1067 827 1143 912 ἥτε
1166 826 1268 915 ἡδονὴ
1291 838 1420 898 νελειοῖ
1464 872 1466 887 ι

201 934 238 995 cd
260 928 416 1014 αἰσθητόν
438 953 470 995 τε
493 929 546 996 καὶ
569 925 589 1014 ἡ
613 931 770 1014 αἴσθησις,
794 933 954 996 σπουδαῖα
982 929 1073 1013 ὄντα,
1104 931 1210 1017 ὥσπερ
1240 931 1314 1000 οὐδ’
1339 933 1361 1021 ἡ
1385 933 1456 1020 ὑγί

202 1033 256 1098 καὶ
296 1028 314 1098 ὁ
352 1033 460 1114 ἰατρὸς
494 1031 617 1116 ὁμοίως
652 1031 735 1098 αιτιοι
773 1031 837 1099 ἐστι
872 1038 933 1101 τοῦ
969 1031 1125 1119 ὑγιαίνειν
1167 1043 1262 1119 (quae
1299 1031 1463 1122 ¹sequuntr

202 1140 308 1204 11:41³
328 1145 464 1215 26-31,
489 1138 659 1202 subditicio
681 1138 925 1218 videnturesse‚
950 1139 988 1204 cf.
1004 1141 1206 1225 Rarnsauer).
1245 1148 1363 1208 τελειυῖ
1383 1145 1461 1209 der

198 1239 251 1306 svs
244 1237 361 1325 ’ργειαν
383 1266 404 1323 η
428 1235 530 1325 ἡδονὴ
554 1239 614 1324 οὐχ
636 1237 680 1317 εις
705 1237 725 1325 ἡ
749 1239 845 1320 ἕξις
833 1238 1067 1326 εννπάρχουσα,
1092 1241 1156 1309 ἀλλ’
1177 1242 1222 1370 ὡς
1245 1246 1462 1332 ἐπιγιγνόμει·

197 1369 231 1410 ἰι
254 1343 351 1422 τέλος,
374 1339 446 1410 οἷον
468 1350 536 1420 τοῖς
559 1339 747 1429 ἄκμαιιιιςὴ
773 1342 852 1428 οιᾝρα

305 1468 341 1531 Ιιι
365 1473 463 1548 quant
465 1486 501 1533 as
450 1468 670 1533 tsalebras
693 1467 876 1532 incidimus!
923 1469 993 1546 Quo
1016 1471 1147 1534 tandern
1175 1490 1272 1538 sensu
1294 1477 1424 1538 υελειοῐ
1448 1500 1461 1536 ι

202 1567 363 1654 ἐνέργειαν
384 1565 404 1654 ἡ
428 1565 540 1654 ἡδονή,
565 1590 604 1636 ea
627 1590 745 1652 magna
767 1569 919 1654 quaestio
943 1577 1000 1650 est,
1028 1571 1061 1636 in
1085 1593 1147 1653 qun
1177 1575 1286 1640 onrnes
1315 1576 1464 1641 haesitae

202 1675 300 1754 Atqui
322 1694 374 1740 res
398 1674 587 1762 gravissima
618 1675 733 1756 agitur,
762 1694 835 1738 narn
863 1675 924 1740 hoc
951 1679 1173 1743 tanturnnrddo
1203 1680 1273 1743 loco
1296 1681 1384 1744 ratio
1413 1683 1461 1744 int

202 1779 401 1860 voluptatem
436 1784 469 1844 et
496 1778 691 1844 functionem
723 1797 818 1862 quam
848 1781 995 1866 sequitur
1022 1780 1222 1846 intercedens
1245 1784 1466 1864 perstringit

203 1883 279 1946 alibi
292 1889 333 1964 ¹4)
356 1884 396 1948 de
420 1903 458 1948 ea
480 1883 559 1947 nihil
583 1883 747 1948 adhibitur
768 1885 830 1948 nisi
852 1885 898 1948 ita
921 1885 1055 1949 alteram
1079 1903 1152 1948 curn
1168 1885 1270 1949 altera
1286 1887 1462 1951 coniuncta

202 2005 281 2064 esse,
304 1992 341 2051 ut
363 1987 508 2068 separari
530 2005 595 2052 non
616 1988 751 2067 possint.

303 2109 373 2173 Vox
405 2108 477 2191 ipsa
508 2113 649 2172 τελειοῦν
686 2109 773 2174 idern
807 2109 914 2174 valeat
944 2127 981 2172 ac
1010 2104 1127 2172 νείειον
1156 2114 1259 2172 ποιεῖν
1281 2128 1461 2176 necesses

204 2210 258 2294 (ci.
273 2211 451 2277 Ramsauer
474 2211 515 2275 ad
538 2212 567 2274 ir.
593 2213 636 2294 1.),
661 2215 717 2278 sed
740 2213 861 2276 τελείου
889 2212 959 2275 voci
983 2211 1159 2277 subiectam
1183 2213 1246 2276 virn
1270 2231 1342 2278 esse
1369 2216 1461 2280 varia

200 2315 391 2383 Aristoteles
424 2316 492 2395 ipse
525 2333 585 2379 nos
619 2316 714 2381 docet
746 2316 885 2396 metaph.
910 2315 963 2394 IV,
1000 2323 1039 2380 16
1070 2335 1101 2395 p.
1136 2318 1241 2382 1021b
1268 2324 1323 2396 12,
1361 2319 1423 2382 ubi
1456 2343 1459 2374 ι

201 2422 354 2497 quattuor
376 2420 546 2499 generibus
571 2417 777 2498 perfectionis
799 2421 880 2486 haec
902 2423 1071 2483 rnenrorat:

251 2529 286 2605 1.‘
303 2536 421 2605 ιε’λειυν
444 2538 563 2625 λέγεται
584 2541 622 2605 ’ἐν
642 2536 701 2623 μέν
723 2529 764 2605 οὗ
787 2539 830 2625 μὴ
853 2539 936 2605 ἔστιν
952 2539 1010 2618 ἔξω
1026 2564 1054 2605 τι
1071 2541 1178 2622 λαβεῖν
1196 2539 1276 2625 μηδὲ
1299 2541 1339 2606 ἓν
1363 2539 1460 2625 μόριο

252 2653 282 2712 2.
305 2641 422 2710 τὸκατ’
441 2643 558 2730 ἀρετήν
580 2645 634 2711 καὶ
656 2641 692 2708 τὸ
715 2646 774 2708 τοῦ
797 2635 834 2708 εὖ
856 2648 899 2728 μὴ
922 2641 994 2727 ἕχον
1016 2640 1199 2728 ὑπερβολήν
1221 2645 1302 2728 πρὸς
1324 2645 1363 2712 τὸ
1388 2646 1462 2730 γένιι

251 2755 282 2818 3.
305 2745 350 2812 ἔτι
372 2742 420 2822 οἷς
442 2743 578 2832 ὑπάρχει
598 2754 635 2814 τὸ
656 2746 744 2824 τέλος
768 2751 946 2814 σπουδαῖον
968 2774 995 2818 ιι.
1020 2773 1045 2814 c.
1070 2754 1095 2813 λ.

251 2861 283 2918 4
305 2851 394 2930 τέλος
413 2849 446 2916 δὲ
469 2853 523 2932 aui
546 2850 582 2919 τὸ
607 2841 689 2918 αι’
671 2875 764 2918 ενεκα
786 2850 925 2935 ἔσχατον.
985 2925 989 2930 ,

302 2975 341 3038 In
363 2975 474 3056 primis
498 2979 611 3056 quaest
613 2975 643 3041 ιο
598 2975 724 3038 thic
754 2973 887 3051 exsistit,
921 2975 1046 3054 qualern
1079 2973 1212 3055 perfect
1204 2993 1309 3042 ranem
1343 2973 1455 3058 ἐνέργε

202 3077 406 3143 nanciscatur
438 3079 520 3144 bene
554 3097 625 3145 sese
660 3078 868 3144 habentte
835 3086 868 3144 ct
902 3079 1109 3159 perceptione
1143 3083 1176 3143 et
1204 3098 1238 3142 re
1267 3076 1465 3162 percipienti

202 3180 315 3261 Neque
337 3186 445 3248 tamen
467 3183 534 3249 ulla
557 3183 621 3248 alia
644 3201 715 3246 esse
744 3187 853 3264 petest
879 3183 939 3246 nisi
968 3178 1034 3246 κατ’
1059 3179 1183 3266 ἀρετήν,
1213 3185 1462 3262 praestantiore

203 3284 287 3348 enirn
309 3284 503 3351 functionem
527 3305 583 3350 eae
607 3285 807 3351 condiciones
835 3285 984 3353 reddunt.
1029 3286 1080 3350 Ita
1110 3305 1195 3365 vero,
1230 3287 1344 3367 inquit,
1383 3295 1422 3353 ut
1453 3309 1463 3346 ι

98 3449 103 3460 ,
205 3385 362 3471 αἰσθητόν
389 3411 421 3454 τε
449 3389 502 3454 καὶ
535 3384 555 3473 ἡ
591 3391 738 3472 αἴσθησις
772 3391 933 3454 σπουδαῖοι
964 3387 1042 3454 ὅντα
1076 3388 1272 3466 functionem
1306 3390 1464 3471 perfector

202 3491 349 3573 reddunt,
360 3511 423 3558 non
438 3489 458 3576 ἡ
476 3489 591 3577 ideoq:
610 3511 686 3572 ergo
699 3493 778 3558 haec
791 3511 855 3558 non
867 3490 934 3558 κατ’
948 3490 1073 3577 ἀρενήν,
1092 3493 1196 3557 locuni
1209 3494 1291 3557 eninr
1305 3501 1412 3560 11752
1432 3501 1463 3557 31

203 3597 280 3674 bid,
304 3596 359 3660 ubi
380 3597 522 3676 positum
539 3603 588 3661 est
607 3591 667 3679 τὴν
683 3591 807 3680 ἡδονὴν
823 3595 995 3674 συναύξειν
1010 3599 1070 3680 τήν
1085 3591 1209 3680 ἡδονὴν
1226 3598 1276 3662 vel
1294 3594 1465 3682 ἐξακριβοιι

202 3699 314 3778 videri,
338 3718 409 3764 cunr
431 3701 679 3784 Ranrsauer015)
703 3719 912 3781 aspernamur
934 3708 970 3764 ut
992 3701 1032 3764 ab
1056 3700 1117 3764 hac
1140 3720 1175 3766 re
1199 3701 1443 3776 alienissimum.

280 3867 286 3912 3
308 3823 420 3904 Neque
441 3823 544 3904 magis
567 3825 607 3888 de
629 3820 726 3887 tertio
750 3839 866 3900 genere
888 3823 1008 3886 τελείου
1032 3821 1236 3902 cogitandum
1261 3827 1327 3900 est,
1358 3823 1399 3887 de
1424 3841 1461 3902 qu

200 3927 392 3993 Aristoteles
408 3928 430 3992 l.
446 3927 466 3990 l.
482 3926 628 4007 pluribus
644 3925 798 4006 disputat.
835 3924 896 4001 qni
912 3925 995 3988 enirn
1011 3925 1051 4010 τῇ
1066 3921 1212 4011 ἐνεργείᾳ.
1223 3925 1372 4006 voluptas
1390 3925 1452 3989 fine

203 4037 379 4096 extremum
403 4029 526 4110 afferat,
550 4030 635 4094 ultra
658 4047 751 4109 quern
774 4023 912 4110 ἐνέργεια
926 4028 989 4092 iarn
1004 4046 1067 4093 non
1081 4026 1158 4092 fiat?
1181 4029 1382 4108 Quamquam
1400 4031 1464 4094 ιιιιιιι

203 4134 293 4214 εοιο,Ι
313 4153 355 4198 an
377 4133 699 4216 Schleiermacherw)
727 4132 760 4196 id
790 4150 888 4214 genus
923 4130 1129 4212 perfectionis
1162 4136 1269 4198 mente
1301 4133 1456 4214 arripueri

202 4237 359 4315 Quoniam
381 4243 488 4304 autem
510 4237 557 4303 ita
578 4241 750 4318 propterea
780 4236 1016 4319 reprehendere
1037 4235 1264 4317 philosophum
1292 4238 1428 4318 cogitur,
1448 4237 1465 4298 i

201 4341 252 4406 vei
274 4341 379 4422 ipsum
398 4361 466 4406 rem
480 4340 567 4406 haud
583 4341 680 4406 licere
696 4342 845 4407 ostendat
860 4345 893 4406 et
907 4340 976 4404 iure
991 4339 1150 4406 refutatus
1167 4345 1217 4406 est
1231 4359 1251 4404 a
1266 4341 1460 4408 Branuision

203 4450 235 4509 et
259 4446 293 4510 G.
316 4445 366 4510 W.
391 4444 623 4527 Schmiunon).

304 4547 474 4614 Tentemus
498 4547 562 4615 ianr
583 4545 672 4624 τείος
694 4551 730 4613 τὸ
753 4533 793 4613 οὗ
817 4545 908 4612 ἕνεκα
930 4544 1072 4630 ἔσχατον.
