2968 5064
677 315 695 373 7

131 517 297 600 Zeller¹⁹)
321 519 450 600 quidem
482 516 584 581 hunc·
601 539 730 586 sensum
757 521 819 585 τοῦ
847 519 969 584 τελείου
997 518 1030 581 in
1058 519 1201 582 τελειοῦν
1223 517 1323 594 uerbo

8 621 168 684 stentis
196 623 404 702 amplectitur
431 641 567 703 ¹eumque
590 630 718 689 secutus
748 621 990 704 Ueberweg²0);
1020 621 1146 701 utrique
1174 621 1324 702 voluptas

8 723 231 789 unctionem
261 724 388 805 perficit
420 733 457 789 ut
490 721 618 806 σκοπός,
652 725 733 806 finis,
762 726 838 805 Ziel,
873 725 908 788 in
935 743 997 804 quo
1032 742 1142 788 onmes
1170 719 1322 806 ἐνέργειαι

11 827 253 906 cquiescant.
299 829 477 909 Utrumque
506 833 615 894 autem
643 828 763 894 refellit
785 829 926 902 Kaeso)
949 846 981 907 p.
1005 833 1055 894 32.
1082 834 1133 908 33,
1157 828 1246 892 illum
1267 826 1319 894 his

12 928 158 994 erbis:
203 932 272 996 Fur
295 931 346 995 die
368 938 545 1013 gesammte
561 931 661 996 Ethix
685 932 773 1012 giebt
795 950 829 996 es
852 951 914 995 nur
937 932 997 996 ein
1020 930 1089 996 Ziel
1110 932 1176 1001 und
1199 931 1256 994 das
1271 931 1323 996 ‚ist

8 1034 60 1095 lie
92 1033 372 1116 Gliielrseligkeit,
396 1035 461 1099 und
484 1036 575 1100 mehr
598 1037 646 1100 als
671 1035 722 1100 cin
743 1036 810 1100 Ziel
832 1040 955 1100 musste
975 1035 1011 1116 ja
1031 1053 1092 1099 nur
1111 1035 1319 1116 Verwirrung

8 1135 258 1207 rervorrufeu.
301 1139 422 1204 Ferner
444 1139 619 1204 schliessen
643 1141 711 1205 sich
727 1139 819 1203 Ruhe
841 1139 906 1203 und
930 1139 1012 1202 Lust
1033 1138 1228 1220 vollstdndig
1251 1157 1319 1215 aus,

8 1241 51 1304 la
84 1239 133 1320 ja
156 1241 208 1305 die
233 1241 416 1322 Thatigkeit
440 1243 521 1306 Lust
542 1243 607 1307 und
630 1244 748 1309 Unlust
775 1262 833 1306 zur
860 1241 1098 1306 untrennbaren
1120 1241 1317 1322 Begleiterin

8 1349 87 1421 irat,
122 1344 210 1409 hunc
232 1345 295 1410 sic:
341 1346 400 1410 Die
423 1345 631 1428 Ausliihrung
660 1347 784 1412 enthilt
807 1346 967 1428 genadezu
989 1345 1198 1411 Verkehrtes.
1245 1345 1317 1411 Wie

8 1448 85 1512 roll
130 1451 216 1514 deun
247 1451 281 1514 in
311 1449 432 1516 diesem
459 1451 548 1514 Falle
577 1451 635 1516 das
664 1449 804 1531 Beispiel
832 1449 909 1527 „wie
938 1468 996 1513 zur
1023 1450 1129 1514 vollen
1152 1447 1243 1514 Reife
1266 1449 1318 1512 die

8 1553 334 1632 lugendschdnheit
354 1554 544 1619 hinzutritt“
566 1574 606 1617 zu
630 1555 701 1619 dem
726 1554 877 1619 irtihcren
900 1551 1058 1638 stimmen,
1081 1553 1157 1618 dass
1180 1553 1319 1617 n'amlich

8 1675 78 1719 :ur
111 1657 299 1738 Thatiglreit
322 1657 373 1721 die
390 1658 471 1721 Lust
494 1657 541 1726 als
565 1659 623 1722 das
647 1659 714 1722 Ziel
737 1659 816 1722 oder
837 1657 994 1723 vielmehr
1015 1657 1224 1722 Endresultat
1245 1656 1317 1722 hin·

8 1761 204 1838 :ukommt
233 1760 265 1824 in
295 1760 430 1824 welches
455 1761 501 1824 sie
524 1765 749 1842 naturgemdss
772 1761 936 1826 analduft‘?
981 1761 1075 1848 Kann
1099 1761 1150 1827 dia
1172 1760 1317 1840 lugend-

8 1864 199 1928 r-clrdnheit
227 1883 285 1927 zur
312 1863 417 1928 vollen
440 1863 531 1930 Reiie
563 1865 610 1929 als
634 1865 685 1928 ein
708 1864 774 1928 Ziel
799 1865 877 1928 oder
899 1864 949 1928 ein
973 1865 1184 1928 Endresultat
1205 1864 1317 1929 hinzu-

8 1969 160 2032 *retente
190 1967 256 2032 Der
267 1967 452 2034 Widersinn
468 1969 512 2035 ist
526 1967 780 2048 hervorgerufen
796 1967 895 2031 durch
912 1968 963 2032 die
980 1965 1102 2032 falsehe
1118 1966 1317 2048 Auffassung

8 2073 82 2135 les
109 2071 243 2136 Wortes
265 2067 353 2145 τέλος
376 2091 418 2138 au
440 2090 556 2138 unsrer
578 2073 676 2138 Stelle
700 2091 730 2134 u.
755 2090 780 2138 s,
803 2091 842 2138 u.

130 2201 302 2266 Praeclare
323 2201 384 2266 hoc
407 2202 544 2282 quidem.
589 2203 695 2266 Etiam
718 2217 848 2266 oausam
869 2206 957 2266 recte
981 2201 1153 2282 perspexit.
1198 2200 1313 2278 Quarti

8 2306 112 2370 enim
145 2305 273 2386 generis
296 2307 357 2368 τοῦ
378 2307 500 2370 τελείου
515 2306 704 2370 Aristotelei
719 2305 782 2368 uim
798 2305 844 2369 illi
860 2305 999 2386 amplexi
1017 2312 1100 2387 sunt,
1124 2305 1189 2370 ruit
1204 2310 1313 2370 autem

8 2428 95 2490 ‘pse
120 2427 257 2488 quoque,
283 2409 367 2488 quod
382 2405 470 2484 τέλος
485 2408 698 2488 Vollendung,
723 2407 899 2471 Abschluss
916 2425 987 2475 csse
1004 2411 1083 2474 uult.
1129 2409 1198 2486 Quo
1215 2427 1313 2474 sensu

8 2511 283 2594 perfectionem?
329 2511 481 2589 Obsecrn,
505 2512 581 2592 quid
604 2511 728 2575 tendit?
763 2509 952 2576 Praefamur
966 2513 1131 2594 honorem,
1150 2513 1184 2578 in
1199 2513 1313 2578 eodem

8 2619 93 2680 luto
117 2615 327 2682 haesitamus.

129 2745 218 2827 Ergo
241 2765 281 2809 ue
303 2743 391 2820 τέλος
414 2747 541 2826 quidem
563 2749 600 2809 τὸ
623 2732 664 2809 οὗ
687 2737 778 2808 ἕνεκα
801 2740 933 2826 ἔσχατον
956 2746 1129 2826 approbari
1151 2750 1269 2826 potest.

130 2874 332 2956 Relinquitur
365 2875 442 2941 illud
475 2876 613 2956 primum
646 2872 780 2953 τέλειον,
809 2861 849 2937 οὗ
877 2872 922 2958 μὴ
949 2872 1033 2940 ἔστιν
1060 2873 1119 2954 ἔξω
1147 2899 1176 2939 τι
1204 2876 1312 2958 λαβεῖν

8 2977 104 3064 μηδὲ
128 2980 167 3043 ’ἓν
189 2978 312 3061 μόριον,
336 2973 407 3043 οἷον
431 2973 448 3042 ὁ
471 2977 587 3064 χρόνος
604 2975 720 3052 τέλειος
742 2973 877 3042 ἑκάστου
901 2967 998 3055 οὗτος
1020 2968 1060 3044 οὗ
1075 2981 1119 3064 μὴ
1141 2975 1226 3044 ἔστιν
1249 2977 1309 3058 ἔξω

8 3085 135 3166 λαβεῖν
166 3078 287 3166 χρόνον
318 3082 391 3147 τινὰ
423 3079 459 3157 ὃς
486 3081 606 3147 τούτου
640 3079 736 3165 μέρος
760 3079 824 3144 ἐστὶ
845 3082 905 3146 τοῦ
927 3080 1058 3164 χρόνον.
1103 3084 1150 3148 Ao
1171 3082 1310 3164 primum

8 3211 17 3250 ο
24 3187 155 3268 pridem
181 3187 357 3252 interestne
378 3186 498 3267 aliquid
521 3189 606 3252 inter
628 3185 687 3264 ἔξω
710 3210 740 3250 τι
763 3189 795 3250 et
817 3185 855 3248 ’ἐν
876 3184 992 3270 μόριον
1020 3207 1061 3252 an
1083 3205 1209 3268 semper
1231 3187 1311 3252 illud

8 3292 48 3356 τὶ
75 3295 206 3372 partem
229 3309 299 3356 esse
321 3309 452 3355 necesse
475 3295 525 3355 est
547 3291 632 3354 illius
650 3290 807 3371 perfecti?
855 3289 1015 3371 Quidquid
1037 3291 1102 3355 tale
1127 3294 1184 3370 est,
1213 3297 1310 3356 uteo

8 3396 151 3476 privata
167 3412 221 3458 res
237 3393 381 3475 perfecta
395 3413 459 3459 non
475 3395 518 3458 sit
536 3399 592 3458 aut
607 3394 756 3460 absoluta
773 3399 923 3474 ammte,
947 3394 1033 3458 illius
1056 3394 1156 3459 totius
1179 3400 1306 3477 partem

10 3499 50 3562 id
78 3516 152 3561 esse
174 3516 306 3562 neeesse
335 3503 394 3564 est.
438 3499 562 3563 Deinde
592 3502 682 3562 estne
711 3496 869 3580 ἐνεργείας
896 3495 1067 3580 perfectio,
1097 3516 1179 3578 quae
1210 3498 1239 3563 ei
1268 3518 1307 3564 ex

10 3601 202 3680 voluptatis
218 3601 402 3666 accessione
425 3601 471 3680 fit,
494 3603 579 3681 talia,
601 3607 638 3665 ut
653 3601 774 3666 nullam
790 3602 853 3666 iarn
868 3606 996 3682 partem
1015 3597 1172 3684 ἐνεργείας
1187 3603 1307 3666 extrin-

12 3723 117 3769 secus
140 3701 205 3780 peti
227 3722 308 3785 opus
331 3705 373 3769 sit
396 3707 437 3770 ad
459 3705 599 3770 notionis
622 3703 875 3786 perfectionem?

126 3834 200 3899 Non
234 3852 313 3914 opus
348 3853 419 3900 esse
453 3835 500 3900 illi
534 3833 675 3924 ἐνεργείᾳ
709 3854 805 3915 quam
843 3833 1040 3916 respeximus
1072 3834 1176 3899 adhue
1205 3833 1308 3900 solam

13 3955 122 4018 supra
155 3939 483 4014 commemoravimus,
520 3941 654 4004 dicimus
689 3943 796 4002 autem
829 3937 918 4003 illam
951 3936 1116 4020 αἴσθησιν,
1151 3934 1307 4010 διάνοιαν,

12 4042 165 4122 θεωρίαν
198 4039 422 4106 continentem.
478 4043 600 4120 Quodsi
636 4042 676 4106 ad
710 4041 875 4107 notionem
908 4042 955 4107 ita
989 4041 1195 4106 constrictam
1231 4040 1308 4122 quid

13 4144 161 4221 accedat,
192 4145 278 4224 quod
301 4145 531 4226 perfectionem
564 4145 767 4228 cogitationis
802 4143 925 4225 afferat,
959 4163 1023 4212 non
1057 4144 1145 4210 illam
1178 4145 1307 4226 quidem

15 4249 161 4330 priorem
184 4247 217 4311 id
238 4249 465 4329 perfectiorem
494 4251 632 4316 reddere
654 4254 904 4316 consentaneum
927 4255 986 4328 est,
1010 4248 1128 4329 quippe
1144 4266 1225 4329 quae
1240 4248 1305 4314 iam

17 4355 62 4418 sit
87 4371 104 4417 e
126 4351 258 4418 notione
280 4353 438 4418 absoluta.
484 4353 645 4435 Quidquid
667 4352 856 4434 absolvitur,
886 4371 925 4418 ea
952 4352 1023 4433 ipsa
1045 4351 1172 4417 demum
1195 4369 1305 4418 acces·

18 4455 318 4542 sioneabsolvatur
340 4475 471 4523 necesse
500 4461 559 4537 est,
594 4475 671 4537 ergo
708 4474 772 4520 non
801 4455 922 4522 iunctio
950 4455 1006 4520 illa
1035 4455 1211 4537 angustior,
1245 4455 1304 4520 sed

19 4579 100 4626 uora
123 4557 280 4639 quaedam
302 4560 400 4638 notio,
423 4581 546 4648 quaec
570 4561 791 4626 coniunctione
814 4560 940 4625 demum
963 4559 1048 4624 illius
1071 4563 1105 4624 et
1125 4559 1303 4641 voluptatis
