2968 5064
624 337 667 402 39

93 572 123 616 a.
149 553 257 632 Quam
280 551 486 616 subtilissime
510 550 573 616 sic:
602 552 748 633 voluptas
767 549 818 614 vel
840 547 930 612 dolor
953 566 991 612 ea
1013 547 1135 612 functio
1159 546 1283 610 animae

150 662 216 733 est,
245 674 326 736 quae
353 653 515 718 individue
544 655 713 719 coniuncta
746 658 797 717 est
824 671 895 716 cum
928 650 1089 716 functione
1118 648 1280 715 iudicandi

156 777 320 837 sensuum,
337 759 462 835 mentis,
479 756 755 837 contemplationis
770 754 968 820 functionum
983 755 1138 834 qualitate
1154 753 1280 819 animae

150 868 302 926 naturam
326 866 382 926 aut
404 859 558 925 affirmari
582 863 638 923 aut
660 861 780 940 negari.

96 967 128 1031 b.
155 965 314 1030 Hebetius
330 965 376 1029 sic
399 965 445 1047 (in
467 965 536 1030 Nic.
553 965 619 1042 X.):
643 964 791 1045 voluptas
815 964 864 1028 vel
889 963 981 1027 dolor
1003 961 1122 1028 functio
1147 962 1186 1026 de
1209 979 1283 1026 sen·

152 1088 249 1133 suum
279 1073 337 1133 etc.
362 1067 559 1131 functionum
587 1067 741 1147 qualitate
768 1066 929 1132 iudicandi
957 1067 1028 1146 ipsa
1055 1070 1104 1130 est
1132 1079 1203 1130 cum
1230 1065 1282 1131 his

150 1170 504 1236 functionibus'intime
528 1171 706 1234 coniuncta.

96 1296 125 1340 c.
153 1275 263 1340 Etiam
293 1274 440 1338 hebetius
470 1275 515 1358 (in
542 1274 612 1342 Nic.
636 1273 733 1351 Vll.l:
762 1275 910 1354 voluptas
937 1274 988 1339 vel
1018 1274 1110 1338 dolor
1137 1273 1209 1353 ipsa
1235 1272 1282 1337 vi·
1328 1259 1330 1264 ⁷

154 1381 273 1444 dentur
310 1377 489 1443 functiones
530 1377 606 1442 illae
640 1396 710 1442 esse
751 1378 906 1458 qualitate
941 1383 997 1443 aut
1029 1376 1192 1458 perlectae
1225 1381 1282 1442 aut

152 1483 338 1564 impeditae.

94 1587 127 1650 d.
153 1587 199 1650 Et
227 1587 253 1650 si
275 1584 450 1664 voluptatis
474 1603 555 1665 quae
579 1584 704 1649 videtur
727 1603 852 1665 quoque
881 1585 964 1649 ratio
991 1584 1130 1648 habetur
1157 1584 1279 1664 (rhet),

151 1695 283 1770 praetor
305 1690 392 1752 illam
415 1689 610 1753 functionem
634 1689 730 1752 etiam
753 1689 875 1752 reditus
898 1689 930 1752 in
954 1693 1073 1752 statum
1096 1688 1276 1752 naturalem

152 1794 302 1873 voluptas
327 1797 385 1857 est.

206 1895 338 1976 Semper
359 1894 478 1959 functio
502 1913 652 1958 sensuum
678 1886 741 1958 etc.
766 1894 936 1959 accedente
952 1894 1087 1959 'demum
1108 1894 1276 1975 voluptate
1371 1885 1375 1898 ’

152 1999 186 2062 in
210 2017 316 2062 veram
339 2009 370 2062 et
392 1999 519 2079 plenam
542 1998 668 2062 animae
689 1997 884 2062 functionem
913 1997 1054 2062 effertur.
1099 1997 1280 2062 Discrimen

153 2121 217 2181 quo
240 2101 367 2166 differre
389 2102 457 2165 vult
478 2102 718 2180 uoluptatema
745 2100 907 2166 functione
934 2120 1028 2182 quam
1057 2101 1201 2182 sequitur
1224 2120 1282 2164 na-

152 2206 258 2270 turale
280 2205 313 2268 in
337 2204 471 2284 optabili
492 2204 634 2284 positum
657 2225 674 2268 e
697 2225 792 2268 manu
816 2205 963 2270 elabitur.

45 2317 75 2374 4.
99 2309 153 2375 Sic
183 2327 264 2388 quae
292 2309 325 2373 iu
357 2309 420 2372 eth.
446 2313 478 2373 et
505 2308 584 2372 rhet.
613 2309 762 2374 videntur
788 2327 967 2390 repugnare
994 2308 1080 2372 inter
1108 2327 1143 2373 se
1171 2309 1276 2374 conci-

100 2415 237 2478 llantur:

101 2536 130 2582 a.
155 2517 229 2580 Eh.
254 2516 323 2580 VII.
347 2516 493 2595 voluptas
519 2515 652 2598 *functio
693 2516 817 2597 dicitur,
850 2516 870 2578 l.
895 2515 924 2579 X
947 2515 1067 2581 functio
1104 2516 1283 2601 percipitur

154 2621 277 2697 saltem,
306 2619 387 2683 rhet.
405 2625 510 2683 motus
534 2620 650 2684 dicitur
673 2620 736 2684 alia
752 2638 789 2684 ea
805 2619 932 2699 quidem
954 2637 1041 2700 voce,
1066 2637 1148 2700 quae
1171 2624 1280 2684 autem

154 2723 238 2787 idem
263 2743 299 2788 ac
320 2723 441 2787 functio
458 2723 543 2786 valet
566 2728 598 2788 et
620 2727 789 2802 praeterea
805 2741 885 2802 quae
907 2723 1035 2787 videtur
1049 2724 1181 2804 propria
1203 2740 1282 2789 voce

155 2826 363 2906 significatur.

99 2932 129 2995 b.
156 2930 229 2994 Eth.
245 2931 282 2995 X.
299 2930 462 2995 distinctio
486 2930 659 3010 voluptatis
683 2936 715 2992 et
737 2928 906 2994 functionis
923 2929 1111 2994 tenuissima
1133 2930 1281 3010 habetur,

154 3052 375 3113 nonnusquam
397 3033 588 3114 neglegitur,
611 3033 633 3096 l.
657 3031 726 3099 VII.
750 3051 880 3112 prorsus
903 3034 1091 3113 neglegitur.

101 3157 129 3201 c.
155 3137 228 3202 Eth.
253 3137 322 3201 Vll.
352 3137 499 3216 voluptas
528 3137 686 3217 quaedam
714 3154 872 3200 summum
899 3137 1017 3202 bonum
1048 3138 1172 3216 dicitur,
1195 3137 1217 3200 l.
1239 3137 1280 3201 X.

154 3241 379 3320 contemplatio
408 3241 556 3306 absolute
585 3259 741 3304 summum
763 3238 881 3303 bonum
905 3241 1103 3317 describitur,
1132 3246 1166 3306 et
1191 3240 1279 3305 idem

154 3345 241 3410 cadit
262 3345 295 3408 in
317 3345 385 3408 eius
409 3345 614 3425 voluptatem.

100 3449 151 3513 Ad
179 3454 375 3527 postremum
410 3453 475 3510 tres
505 3449 787 3513 commentationes
815 3453 847 3512 et
873 3447 957 3510 inter
984 3463 1019 3511 se
1048 3452 1080 3510 et
1107 3465 1177 3511 cum
1207 3445 1278 3510 aliis

7 3552 73 3614 ocis
90 3551 246 3632 dispersis
262 3553 307 3614 ita
324 3555 398 3614 sunt
414 3550 599 3615 cardinatae
622 3558 655 3616 et
678 3555 808 3631 aptatae
830 3555 863 3615 et
877 3550 961 3614 inter
985 3568 1019 3613 se
1043 3549 1280 3614 consentientes

7 3663 30 3718 'et
57 3657 256 3738 complentes
286 3661 318 3720 et
347 3655 555 3734 explicantes
584 3663 621 3719 ut
648 3657 724 3721 licet
751 3655 793 3719 sit
820 3673 877 3718 cur
900 3647 1075 3734 queramur
1098 3651 1279 3734 philosophi

7 3761 227 3841 delegantiam
243 3759 460 3840 dispositionis
483 3764 515 3822 et
538 3760 693 3824 incuriam
709 3757 938 3838 explicationis
962 3776 1018 3820 cur
1044 3757 1278 3821 rhetoricorum

7 3861 193 3930 lefinitionis
210 3865 410 3940 sententiam,
428 3863 606 3927 ethicorum
619 3863 693 3927 libri
707 3861 775 3927 Vll.
789 3863 1085 3926 commentationem
1097 3860 1280 3925 universam

7 3968 163 4033 luistotoli
187 3967 405 4032 abiudicemus
429 3966 460 4029 in
484 3967 579 4032 rebus
602 3967 746 4032 invenire
770 3965 890 4044 possim
912 3963 1001 4030 nihil.
