2968 5064
54 1320 126 1424 De
155 1318 384 1425 concentu
414 1316 566 1425 trium
592 1315 866 1426 Aristotelis
892 1318 947 1425 de
971 1316 1224 1452 uoluptate

21 1504 459 1615 ommentationum
477 1505 1163 1644 priorisquellicomacbeorum
1180 1505 1282 1616 tide.

536 1734 749 1747 WWWWNAM

114 1819 238 1936 Trium
261 1889 344 1952 quae
367 1877 494 1937 exstant
516 1872 700 1938 Aristotelis
728 1873 768 1936 de
791 1872 956 1953 voluptate
979 1871 1285 1938 commentationum

21 1973 77 2039 oth.
109 1974 177 2038 Nic.
202 1974 274 2054 Vll,
300 1982 435 2042 12-15
459 1995 489 2056 p.
515 1978 897 2054 1152b1-1154b343
925 1975 970 2050 X,
996 1983 1089 2040 1-5
1118 1994 1149 2055 p.
1175 1981 1283 2041 1172e

20 2083 207 2143 9--11761
230 2085 287 2156 29;
319 2079 403 2144 rhet.
426 2083 453 2157 Ι,
485 2089 522 2146 11
560 2100 590 2161 p.
615 2081 721 2148 1369b
751 2084 955 2146 33-13721
978 2079 1012 2162 3)
1050 2078 1284 2142 rhetoricorum

20 2199 69 2242 om
99 2187 239 2260 utraque
268 2181 446 2247 ethicorum
472 2184 553 2249 odeo
581 2187 646 2250 non
679 2184 848 2249 convenire
875 2182 1011 2260 uidetur,
1040 2188 1077 2247 ut
1104 2182 1284 2264 quicunque

20 2285 94 2346 uius
110 2284 333 2365 philosophiae
346 2286 557 2353 Aristotelece
573 2289 674 2368 partis
691 2288 827 2353 studiosi
840 2287 954 2366 sunt¹)‚
971 2285 1284 2367 Trendetenburgin)

20 2388 226 2454 uctoritatem
250 2392 351 2455 secuti
374 2391 414 2456 ad
437 2410 534 2456 unum
551 2411 660 2457 omnes
675 2392 879 2468 Platonicam,
902 2409 966 2455 non
989 2408 1079 2454 suam
1095 2389 1285 2454 sententiam

19 2509 37 2552 u
60 2490 210 2570 proferre
238 2483 463 2577 philosophum
486 2497 674 2560 sumendum
698 2496 759 2560 sibi
787 2513 858 2560 esse
886 2494 1081 2576 putaverint.
1127 2493 1175 2558 De
1203 2491 1285 2556 ethi-

19 2613 111 2659 orum
136 2597 197 2662 uiri
220 2599 306 2664 docti
335 2602 417 2664 inter
440 2618 475 2664 se
499 2599 668 2665 dissident:
697 2600 791 2664 elteri
818 2600 915 2679 longe
943 2597 1116 2662 abhorrere
1144 2596 1284 2676 priorem

41 2702 223 2778 posteriore
247 2704 388 2769 iudicant
420 2705 486 2782 (Fr.
512 2703 792 2782 Schleiermaeher,
817 2704 935 2768 Wcrlre
960 2721 1017 2766 zur
1038 2699 1284 2780 Philosophiel

19 2849 26 2863 .
50 2810 133 2883 306;
155 2805 191 2870 L.
216 2805 362 2888 Spengel,
386 2807 629 2898 Aristotelischc
646 2807 779 2871 Studien
795 2808 810 2870 I
824 2827 856 2888 p.
872 2814 929 2883 293
953 2807 1023 2874 Alb.
1040 2805 1126 2871 Max.
1141 2803 1284 2881 Fischer,
1350 2819 1352 2824 ’

1267 2889 1272 2898 ι

44 2907 64 2968 l·
88 2927 121 2987 p.
147 2917 202 2986 13;
226 2909 266 2974 H.
290 2911 464 2991 Fritzsche,
488 2913 509 2976 l.
533 2912 553 2976 l.
575 2931 606 2992 p.
630 2911 781 2986 XXXIV3
806 2911 847 2976 H.
864 2912 1005 2988 RassoW,
1030 2907 1068 2975 G.
1090 2909 1177 2972 Kaus
1200 2907 1273 2989 ll.)

19 3007 92 3072 lteri
117 3014 281 3077 conciliari
305 3015 387 3079 inter
410 3034 444 3080 se
467 3033 522 3079 eas
545 3033 641 3096 posse
664 3033 766 3095 neque
790 3034 861 3080 esse
889 3016 934 3079 ita
962 3012 1195 3077 intolerabilem
1221 3009 1285 3074 dis-

19 3115 213 3192 repantiam:
231 3135 301 3182 esse
318 3119 566 3199 discrepantiam
578 3137 618 3182 nc
630 3119 663 3182 hi
676 3119 803 3198 quidem
813 3119 996 3199 negandum
1013 3134 1084 3180 esse
1098 3115 1231 3179 existim·
1257 3119 1283 3176 ut

19 3214 85 3278 Chr.
111 3219 247 3296 Pansch,
275 3221 304 3287 J.
328 3222 502 3302 Bendixen,
532 3223 572 3286 H.
595 3224 712 3301 Anton,
744 3223 776 3288 Ο.
800 3223 850 3288 W.
874 3221 1025 3297 Schmidt,
1058 3219 1087 3286 l.
1109 3219 1284 3298 Wiggero).

19 3323 142 3394 luorum
166 3323 242 3403 quid
266 3327 399 3406 quisque
423 3330 462 3391 de
479 3347 517 3391 ea
537 3347 571 3392 ro
596 3329 734 3391 senserit
756 3323 869 3407 siquis
888 3324 1068 3390 accuratius
1088 3339 1283 3403 cognoscere

20 3423 90 3503 olit,
119 3432 153 3498 et
176 3428 347 3510 2Beudixen
376 3436 409 3494 et
436 3432 582 3512 Wiggert
615 3437 648 3495 et
674 3431 762 3495 Keos
795 3430 1005 3510 plurimorum
1038 3426 1156 3490 iudicia
1190 3442 1284 3504 argu-

19 3535 171 3611 neutaque
204 3540 448 3614 congesserunt,
484 3541 521 3599 ut
547 3554 610 3599 uno
639 3536 731 3616 quasi
759 3537 932 3613 conspectu
962 3550 1000 3596 ea
1031 3530 1149 3594 uideat.
1205 3526 1283 3592 Cum

19 3635 105 3694 utem
127 3633 178 3698 illi
201 3636 341 3715 priorem
372 3638 619 3718 disputationem
641 3638 807 3703 Aristoteli
835 3635 1080 3701 abiudicaudam
1109 3650 1180 3696 esse
1212 3649 1285 3695 cen-

20 3741 91 3797 eont
107 3743 141 3800 et
154 3737 297 3804 Eudemo
313 3743 550 3823 assignandam,
566 3744 626 3808 boc
645 3742 832 3824 quaestione
846 3741 1028 3821 implicatur
1044 3737 1157 3817 altera,
1173 3740 1283 3799 utrum

19 3833 286 3906 licomacheorum
308 3863 348 3907 on
369 3846 595 3912 Eudemiorum
616 3847 738 3928 proprii
762 3847 825 3910 sint
846 3845 919 3908 libri
942 3847 1009 3905 tres
1026 3840 1179 3906 ambobus
1197 3855 1283 3902 com·

19 3957 110 4006 ooones
134 3944 233 4025 (liber
248 3945 297 4026 V.,
313 3950 379 4026 VL,
397 3951 465 4015 Vll.
488 3952 781 4029 Nicomacheorum,
806 3949 870 4027 lv,
889 3948 937 4025 V.,
952 3946 1007 4010 Vl.
1030 3942 1283 4024 Eudemiorum).

19 4041 46 4102 ft
68 4049 151 4112 enim
175 4070 214 4116 ex
236 4053 308 4118 libri
332 4057 509 4122 ethicorum
531 4056 816 4122 Nicomacheorum
840 4051 968 4133 septimi
991 4047 1148 4129 capitibus
1163 4045 1284 4109 ultimis

19 4156 155 4222 quattuor
187 4156 242 4220 illo
269 4162 430 4240 quaestio,
461 4162 549 4225 cuius
582 4180 641 4242 per
667 4159 830 4224 dimidium
866 4157 930 4220 iam
958 4152 1078 4218 saeculi
1107 4150 1168 4214 uiri
1196 4149 1283 4214 docti

19 4257 184 4336 utogitant,
209 4265 368 4340 quondam
384 4264 484 4344 fluxit,
508 4265 565 4344 ita,
589 4264 767 4344 quicunqne
787 4262 820 4324 in
835 4279 873 4325 ea
889 4275 1019 4338 operam
1035 4254 1282 4329 collocaverunt,

19 4362 113 4429 terum
138 4371 236 4446 atque
258 4368 373 4433 iterum
398 4370 438 4434 ad
462 4388 502 4434 ea
523 4370 658 4433 redeunt
680 4374 713 4432 ot
735 4364 880 4447 quamvis
909 4359 1011 4424 multe
1034 4358 1067 4421 in
1090 4355 1283 4421 anteceden-

19 4463 86 4531 ibus
109 4488 236 4551 quoque
258 4472 397 4537 babeant
419 4474 469 4539 vol
492 4473 614 4538 habere
630 4472 688 4538 sibi
709 4472 886 4540 uideantur,
910 4463 1073 4543 inquibus
1091 4457 1281 4536 offendatur,

19 4573 191 4644 pravissima
218 4584 350 4660 propter
378 4596 459 4656 quoe
486 4577 587 4643 libros
619 4576 684 4641 sive
706 4578 772 4637 tros
796 4588 905 4636 omnes
928 4569 997 4634 sive
1020 4566 1075 4632 Vl.
1098 4568 1225 4630 tantum
1249 4569 1282 4628 et·

1069 4671 1083 4724 1

1420 2011 1465 2052 'fn
