2968 5064
683 1585 954 1709 Notae.
1055 1737 1058 1743 Ι

203 1907 231 1977 1)
259 1906 385 1960 Primum
407 1908 462 1964 eth.
486 1906 546 1961 Nic.
570 1906 631 1972 Vll,
651 1905 756 1962 12-15
778 1906 901 1960 Eudemo
925 1904 1086 1958 tribuerunt
1104 1904 1239 1958 librorum
1254 1905 1309 1971 ‚Il.,
1330 1907 1392 1972 IV.,
1414 1909 1444 1960 l'l

255 1989 448 2050 commentarii
470 1992 616 2061 ἀνωνύμων
639 1988 655 2064 ἢ
678 1990 715 2055 ὥς
738 2013 807 2056 τινες
829 1990 1069 2063 ὑπολαμβάνουσιν
1090 1989 1244 2055 Ἀσοασιόν,
1269 1994 1304 2049 dc
1332 2013 1390 2063 quo
1411 2001 1459 2050 viua

256 2085 287 2138 L.
307 2085 492 2155 Spengelium,
512 2071 587 2138 llher
605 2085 649 2138 die
668 2091 750 2140 unter
768 2084 831 2137 dem
844 2083 952 2136 Numen
970 2083 1018 2136 des
1031 2082 1195 2135 Aristoteles
1209 2083 1381 2138 erhaltenen
1403 2087 1459 2138 eth'·

259 2175 341 2228 schen
360 2172 508 2239 Schriften,
527 2173 750 2242 Abhandlungen
768 2172 817 2227 der
834 2170 1282 2241 philosophisch-philologischeu
1303 2171 1403 2227 Classe
1424 2176 1443 2226 d

257 2263 406 2332 Koniglich
425 2263 609 2331 Bayerischeu
630 2261 781 2316 hksdemie
800 2262 849 2315 der
866 2259 1117 2324 wissenschaften,
1140 2260 1165 2314 3.
1183 2260 1232 2316 Bd.
1252 2259 1279 2317 2.
1295 2263 1355 2314 und
1376 2263 1404 2317 3.
1419 2265 1458 2316 A·-

257 2352 377 2420 teilung,
396 2351 535 2406 Miiuchen
548 2351 626 2417 1841,
645 2369 672 2419 p.
686 2349 739 2408 520
758 2353 787 2404 et
804 2351 903 2419 quanti
916 2351 973 2405 eius
985 2349 1184 2405 auctoritatem
1196 2349 1311 2417 pendas,
1332 2349 1456 2406 Haecler
1473 2335 1474 2404 1

257 2441 389 2509 Beitrt'rgc
408 2457 457 2493 zur
469 2440 627 2509 Erklt'rrung
639 2441 695 2492 und
708 2439 802 2493 Kritik
816 2441 862 2494 des
876 2439 1018 2494 siebenteu
1031 2439 1135 2493 Buches
1151 2438 1200 2492 der
1212 2438 1462 2495 Nikomachischu

258 2529 354 2596 Ethik,
374 2529 468 2584 Berlin
489 2529 565 2586 1869.
602 2529 752 2597 Postquam
771 2528 926 2595 Giphanius
949 2529 1052 2582 iamet
1071 2527 1248 2582 Casaubonus
1267 2528 1462 2584 difficultatem

258 2621 436 2684 notaverunt,
457 2637 490 2673 ex
509 2620 596 2672 nostri
615 2618 717 2672 saeculi
735 2618 817 2671 initio
835 2634 964 2671 numerus
983 2618 1050 2670 satis
1074 2618 1182 2685 amplus
1200 2617 1324 2671 virorum
1344 2619 1464 2673 doctissi-

257 2724 365 2761 morum
385 2708 413 2762 et
432 2707 671 2777 sagacissimorum
689 2724 748 2760 rem
766 2707 800 2761 de
823 2707 934 2774 integro
956 2705 1179 2772 celebraverunt,
1204 2707 1254 2759 alii
1277 2707 1312 2761 de
1332 2709 1464 2775 amplius·

259 2798 310 2850 illa
336 2798 497 2865 quaestione
519 2796 683 2862 scribentes,
709 2796 760 2848 alii
785 2795 819 2849 de
844 2795 940 2848 nostra
963 2795 1130 2863 angustiore.
1167 2793 1240 2858 Quot
1265 2796 1381 2864 quidem
1401 2800 1463 2849 mil:

259 2887 431 2943 innotuerint
449 2905 482 2941 ex
501 2887 597 2940 ordine
615 2887 646 2939 hi
664 2887 740 2938 sunt:
766 2883 937 2938 Christianus
956 2883 1075 2949 Pansch,
1099 2883 1144 2937 De·
1159 2883 1257 2937 ethicis
1273 2883 1468 2938 Nicomachus

261 2977 382 3046 genuino
401 2974 663 3046 Aristotelisllibrm
690 2973 999 3029 Bonnae1833.—l*.
1020 2969 1264 3038 Schleicrmacher,
1291 2975 1462 3027 stmrntlich·

259 3064 378 3130 Wcrke‚
398 3063 423 3118 3.
436 3063 602 3132 Abtcilung,
629 3081 676 3116 zur
694 3063 883 3130 Philosophia,
904 3063 928 3117 3.
943 3061 992 3116 Bd.
1019 3062 1112 3117 Berlin
1132 3061 1209 3117 1835.
1228 3092 1264 3102 ·-
1287 3063 1319 3120 L.
1339 3061 1468 3133 Spengel.

259 3141 336 3208 liber
354 3153 399 3207 die
418 3153 500 3205 unter
519 3152 580 3204 dem
600 3152 708 3206 Namen
727 3152 774 3206 des
793 3150 958 3205 Aristoteles
977 3150 1138 3206 erhaltenen
1157 3151 1300 3205 ethischeu
1319 3150 1467 3206 Schriften.

254 3242 342 3295 nebst
368 3242 457 3296 ciuem
481 3241 627 3310 Anhange:
655 3242 680 3308 1)
703 3241 773 3294 iiber
794 3241 882 3294 Ethic.
904 3240 1012 3297 Nicom.
1030 3239 1090 3308 Vll,
1110 3241 1143 3296 12
1166 3241 1223 3293 und
1246 3239 1278 3304 X,
1299 3243 1328 3306 1;
1354 3243 1383 3308 2)
1403 3243 1467 3294 fitur

262 3330 352 3384 Ethic.
373 3330 487 3384 Eudem.
508 3329 699 3396 V11,13-15,
719 3329 773 3385 l.l.
792 3329 993 3397 p.439-551;
1019 3329 1053 3384 cf.
1072 3329 1242 3408 Miinchener
1267 3329 1464 3385 Gelehrteuau-

263 3419 355 3488 seiger
375 3419 444 3475 1852
469 3418 521 3475 Nc.
538 3419 581 3476 54.
597 3419 641 3475 56.
659 3449 695 3458 -
712 3418 777 3476 Alb.
795 3406 869 3472 Max.
888 3418 1010 3483 Fischer,
1034 3418 1075 3472 De
1101 3419 1200 3473 ethicis
1222 3418 1418 3474 Nicomacheis
1440 3432 1464 3468 ν(

265 3507 407 3561 Eudemiis
420 3525 490 3576 quae
500 3509 658 3562 Aristotelis
675 3508 786 3563 nomine
798 3509 904 3562 tradita
916 3509 988 3573 sunt,
1001 3507 1112 3561 Bonnae
1124 3507 1200 3563 1847.
1210 3538 1246 3547 —
1255 3506 1289 3559 Η.
1301 3506 1470 3561 Fritzschi¹·-·

262 3597 293 3649 in
313 3596 516 3665 prolegomenis
535 3597 689 3650 ethicorum
707 3597 915 3662 Eudemiorum‚
935 3596 1104 3650 Ratisbouse
1125 3596 1202 3654 1851.
1220 3626 1256 3636 -
1274 3595 1300 3652 J.
1319 3595 1471 3651 Bendireu.

266 3685 308 3739 De
318 3684 480 3738 Ethicorum
490 3684 737 3740 Nicomachcorum
749 3686 920 3755 integritate,
930 3685 1016 3739 Ploen
1029 3686 1104 3742 1854.
1114 3715 1151 3725 -
1163 3685 1247 3750 Idem,
1259 3685 1471 3754 Bemerkungur

266 3791 330 3826 zum
349 3773 409 3828 Vll.
429 3774 521 3828 Buche
539 3774 587 3827 der
606 3774 764 3830 Nicomach.
784 3776 879 3841 Ethih,
893 3774 1053 3843 Philologus
1066 3775 1098 3839 X,
1112 3793 1139 3842 p.
1153 3773 1304 3830 199-210.
1316 3773 1470 3830 263-294,

262 3893 299 3903 -
317 3863 462 3932 Rieolrher,
481 3863 533 3917 Die
551 3863 676 3928 dreider
695 3864 946 3918 Nikomachischen
958 3863 1015 3916 und
1028 3863 1228 3917 Eudemischon
1241 3861 1329 3914 Ethik
1349 3865 1471 3932 gemein-

263 3970 358 4006 samen
368 3952 484 4018 Bdcher,
494 3952 624 4007 Zeitschr.
636 3953 654 4008 f.
665 3953 690 4006 (1.
702 3953 1011 4007 Altertumswissensch.
1024 3952 1101 4018 1856,
1111 3952 1162 4005 No.
1173 3950 1213 4006 15.
1226 3950 1267 4006 16.
1278 3980 1311 3992 -
1320 3949 1357 4009 Η.
1368 3953 1471 4014 Antou,

264 4041 339 4106 Quae
363 4042 436 4095 ratio
461 4042 535 4096 inter
553 4042 644 4100 Ethic.
662 4042 770 4099 Nicom.
783 4041 843 4108 Vll,
858 4041 961 4098 12-15
979 4043 1008 4095 et
1025 4041 1058 4107 X,
1074 4042 1142 4098 1-5
1161 4039 1324 4104 intercedat,
1345 4039 1471 4093 Danuui

266 4131 336 4187 1858
359 4131 417 4198 (qui
435 4130 547 4185 libellus
565 4133 635 4185 mihi
652 4148 707 4184 non
725 4131 779 4184 fuit
797 4132 962 4198 promptus).
982 4161 1016 4170 -
1035 4129 1096 4184 Chr.
1117 4131 1235 4200 Pansch,
1255 4128 1295 4182 De
1313 4129 1469 4183 ethicorum

263 4220 324 4273 Nic.
345 4220 405 4283 Vll,
427 4218 531 4276 12-15
551 4222 579 4274 et
598 4219 631 4286 X,
650 4219 728 4286 1-5,
751 4220 837 4274 Eutiu
857 4220 933 4278 1858.
957 4250 991 4259 -
1014 4218 1060 4276 W.
1078 4219 1110 4272 R.
1132 4217 1322 4284 Kranichfeld,
1345 4219 1467 4271 Platonis

263 4310 293 4363 ct
306 4308 466 4362 Aristotelis
479 4309 512 4362 de
531 4307 617 4381 ἡδονῇ
636 4308 799 4374 sententiae,
819 4308 940 4364 Berolini
955 4308 1033 4364 1859.
1045 4338 1081 4348 -
1099 4307 1132 4366 Η.
1145 4307 1264 4371 BassoW,
1278 4306 1411 4377 Beitr‘age
1423 4323 1469 4358 zur

268 4397 427 4467 Errlurung
457 4397 513 4451 und
539 4397 729 4452 Texteslrritik
754 4398 803 4453 der
827 4397 1078 4452 Nikomachischen
1104 4396 1190 4450 Ethik
1220 4394 1267 4448 des
1293 4394 1468 4449 Aristoteles.

264 4485 530 4543 6185151862.-
550 4487 672 4553 Kalmus,
686 4487 846 4540 Aristotelis
864 4485 898 4540 de
916 4486 1062 4554 voluptate
1079 4487 1214 4550 doctrina,
1234 4483 1329 4551 Pyritz
1346 4484 1422 4540 1862.
1434 4513 1472 4520 -

262 4576 292 4631 L.
319 4574 454 4644 Spengel,
483 4575 692 4630 Aristotelische
718 4575 833 4629 Studien
858 4575 882 4641 l,
908 4573 978 4628 Abh
1003 4575 1030 4631 d.
1054 4571 1271 4642 philos-philol.
1302 4571 1396 4626 Classe
1422 4573 1474 4624 der
