2968 5064
836 303 879 356 :ht

217 507 358 570 nationis
374 513 480 571 exstat
495 506 640 572 facultas.
665 513 698 571 et
721 511 939 582 accuratioris,
964 530 1170 590 quaererem
1187 513 1397 592 voluptatem
1414 513 1464 574 soh

216 611 357 692 respicit.
381 617 414 674 et
435 610 575 686 laxioris,
600 630 681 691 quac
703 613 791 676 iuxta
812 613 900 677 illam
924 615 1041 694 excipit
1063 617 1209 679 relatam.
1252 617 1290 680 Iu
1315 618 1472 698 prioratu

216 721 391 794 occupatus
408 715 478 789 erit,
502 733 573 780 cum
589 715 621 778 id
638 716 739 795 ipsuur
758 723 840 798 aget,
863 725 898 780 ut
915 725 1062 782 naturam
1082 720 1258 799 uoluptatis
1275 720 1419 800 eiusque
1434 731 1468 781 ror

217 836 310 881 ortem
327 819 368 883 ad
385 818 520 882 subtiles
535 819 781 899 philosophandi
797 821 939 884 rationes
954 829 1093 886 revocet.
1138 822 1175 886 ltl
1199 823 1286 914 quod
1311 824 1350 886 in
1370 824 1410 887 X.
1433 824 1462 884 lil

203 920 261 995 tlt,
285 939 388 1002 neque
410 941 486 1000 vero
507 922 563 1000 ita,
586 928 622 986 ut
640 942 702 985 uon
725 923 859 987 alteram
880 943 1004 1004 quoque
1021 926 1145 989 auctori
1168 934 1278 990 notam
1298 945 1382 990 esse
1400 945 1469 1001 copo

215 1031 335 1093 scalur.
366 1026 450 1089 Vera
471 1031 619 1090 autema
640 1027 799 1089 sententia
821 1047 878 1092 sua
900 1047 939 1091 ue
960 1029 1003 1092 ihi
1020 1029 1147 1108 quidem
1171 1029 1338 1104 desciscit,
1365 1029 1422 1092 uhi
1443 1047 1472 1092 u

216 1135 300 1208 quae
324 1129 450 1192 ridetur
473 1133 597 1192 tautum
621 1129 775 1209 adiungit.
821 1132 937 1195 Micam
961 1132 1059 1212 igitur
1081 1133 1162 1195 recti
1185 1134 1216 1195 iu
1245 1133 1472 1196 adversarior*

215 1230 399 1296 delinitione
433 1233 538 1294 inesse
571 1232 759 1296 Aristoteles
797 1235 955 1308 concedit,
993 1236 1023 1298 id
1059 1242 1184 1299 tautum
1212 1238 1404 1316 vituperat,
1432 1255 1465 1315 qu

216 1336 379 1400 notionem
396 1355 457 1400 uon
476 1341 581 1399 totam·
593 1337 825 1416 complectitur,
843 1339 897 1401 sed
917 1345 1041 1418 partem
1060 1347 1092 1402 et
1108 1359 1175 1402 eam
1196 1339 1328 1418 quidem
1349 1341 1471 1404 leriorrr

322 1547 359 1608 E.
395 1547 449 1610 lle
476 1544 711 1610 καταστάσει
739 1547 1029 1611 rhetoricorum
1052 1549 1330 1630 (l,11p.1369b
1353 1554 1423 1634 34).

320 1687 421 1762 Quam
446 1685 578 1749 eandem
603 1687 717 1750 micam
741 1687 934 1750 Aristoteles
961 1687 993 1749 iu
1023 1706 1111 1750 sitam
1137 1686 1365 1754 definitionem
1393 1687 1471 1753 rhet'

220 1801 255 1857 ll
282 1791 404 1870 recepit
427 1795 459 1852 et
482 1807 566 1852 nunc
588 1779 716 1870 tempus
739 1794 789 1853 est
811 1789 928 1852 reverti
952 1791 992 1852 ad
1017 1792 1153 1856 alteram
1177 1798 1301 1870 partem
1328 1794 1424 1856 illius
1443 1793 1471 1854 h

215 1897 257 1959 ad
286 1913 403 1958 uoureu
435 1891 664 1968 καταστάσεως,
701 1897 735 1955 ut
763 1893 848 1956 iuter
875 1911 946 1955 eum
976 1901 1008 1956 et
1042 1900 1211 1974 utrumque
1242 1895 1431 1960 ethicorum
1454 1915 1462 1956 r

215 1998 429 2065 cessitudines
451 1996 580 2060 intimas
600 1999 796 2076 detegamus.
840 1993 1043 2060 Κατάστασιν
1063 1997 1145 2061 enim
1170 1999 1254 2062 idem
1276 1999 1397 2064 valere
1420 2010 1460 2076 aar

216 2100 444 2184 ἀναπλήρωσιν
472 2119 511 2164 ex
539 2099 755 2180 superioribus
784 2105 922 2179 apparet
944 2106 976 2162 et
999 2101 1048 2163 vel
1071 2101 1151 2164 illud
1165 2105 1223 2183 τῆς
1238 2105 1349 2184 ψυχῆς
1368 2104 1464 2166 additu

215 2201 371 2289 κινήσεως
387 2205 466 2283 roei,
484 2207 527 2280 εἰς
543 2201 603 2288 τήν
618 2199 830 2286 ὑπάρχουσαν
845 2203 947 2283 φύσιν
962 2204 1104 2267 additum
1121 2204 1349 2280 καταστάσεως
1368 2205 1467 2270 ostend

216 2293 373 2394 κινήσεως
396 2329 504 2375 rocem
529 2309 665 2392 (scilicet
679 2309 812 2389 τελείας)
835 2308 1002 2386 complecti
1025 2310 1355 2387 veram-voluptatem
1375 2311 1471 2374 auimo

216 2416 269 2478 uel
291 2416 398 2495 potius
422 2415 489 2478 eius
513 2414 646 2488 animae,
671 2431 734 2492 qua
755 2412 851 2474 homo
874 2411 950 2474 talis
974 2415 1037 2487 est,
1060 2411 1080 2474 i.
1098 2431 1123 2475 e.
1141 2415 1201 2475 τοῦ
1213 2414 1286 2484 νοῦ,
1310 2412 1471 2476 κατάστω,

217 2521 378 2598 pertinere
409 2518 450 2581 ad
477 2516 673 2595 uoluptatem
704 2515 853 2591 relatam,
883 2534 963 2595 quae
994 2514 1119 2578 videtur
1149 2515 1258 2592 modo,
1289 2534 1396 2594 quam
1421 2517 1465 2580 etl.

218 2623 363 2703 corporis
387 2621 470 2696 dicit,
494 2619 579 2700 quod
602 2620 708 2698 posita
731 2623 781 2683 est
804 2620 836 2681 lu
859 2619 996 2681 transitu
1026 2619 1059 2681 iu
1083 2619 1227 2682 habitum
1251 2622 1469 2685 natm-atomo

216 2745 234 2790 e
258 2732 344 2790 statu
367 2725 514 2788 sanitatis
537 2724 677 2786 noudum
700 2722 868 2785 restitutae
893 2723 948 2784 sed
973 2721 1138 2785 etiarutmrr
1161 2722 1325 2786 redeuntis
1354 2734 1467 2789 maaet.

319 2847 367 2908 De
391 2843 673 2924 'Prendeleuburgii
697 2850 806 2906 autem
835 2842 993 2905 sententia
1022 2843 1094 2934 ideo
1124 2861 1250 2922 quoque
1281 2845 1469 2909 desistendo

216 2957 275 3026 est,
300 2949 386 3029 quod
405 2949 495 3012 Plato
512 2949 566 3010 illc
581 2948 707 3027 quidem
725 2944 944 3019 καταστάσεως
960 2963 1037 3009 roce
1054 2947 1156 3010 utitur
1171 2947 1264 3025 (Phil.
1279 2954 1321 3012 42
1343 2949 1391 3024 D;
1410 2956 1469 3014 lut

216 3056 319 3119 utitur
341 3049 495 3134 κινήσεως
523 3052 576 3131 (de
604 3071 671 3131 rep.
695 3059 756 3116 583
778 3051 829 3131 Ε),
857 3067 1020 3128 uunquam
1049 3055 1155 3113 autem
1185 3050 1355 3129 coniungit
1388 3055 1457 3132 κίττα

215 3157 270 3222 καὶ
292 3154 492 3220 κατάστασιν.
537 3153 649 3232 ltaque
674 3151 694 3237 ἢ
717 3155 830 3218 saltem
854 3172 912 3235 pro
936 3152 989 3215 καὶ
1010 3153 1087 3232 poni
1111 3171 1190 3231 opus
1215 3152 1285 3216 fuit.

322 3277 412 3354 Quod
436 3295 511 3340 vero
535 3273 628 3338 facile
652 3276 695 3338 sit
717 3276 896 3350 niaximum,
921 3274 948 3336 si
971 3275 1068 3338 semel
1093 3273 1235 3338 Platonis
1259 3277 1432 3340 sententia
1450 3273 1470 3335 ri

216 3383 371 3446 uoluisset
401 3379 605 3456 Aristotelea,
644 3380 785 3459 singulas
820 3397 946 3458 quoque
975 3378 1159 3456 uoluptates
1187 3376 1227 3439 ad
1256 3395 1328 3439 eam
1364 3395 1469 3442 reroca

217 3507 297 3567 opus
321 3485 389 3560 luit,
413 3503 474 3546 rrou
498 3485 610 3547 adsui
634 3484 735 3563 ipsius
759 3484 910 3563 cuiusque
933 3500 1082 3558 atriorem,
1114 3499 1218 3560 aquo
1242 3484 1396 3548 extremo
1427 3481 1468 3562 pri

217 3593 304 3673 cipio
323 3591 440 3670 repetit
462 3589 658 3667 voluptatem
682 3588 759 3666 ipse.
810 3588 877 3650 lstu
901 3585 994 3648 modu
1018 3584 1148 3648 lecisset
1171 3583 1286 3647 velutsi
1310 3587 1371 3662 qui
1397 3585 1468 3648 lurrl

216 3701 323 3760 menta
346 3695 413 3774 agit
427 3690 572 3768 aedificii,
597 3691 629 3753 ld
652 3691 788 3754 exstruit
810 3691 898 3753 iuxta
922 3707 968 3752 ea

318 3816 361 3878 Et
387 3814 419 3876 id
449 3831 574 3893 quoque
609 3811 708 3890 cadit,
738 3810 824 3888 quod
857 3808 1118 3888 Trendelenburg
1154 3826 1191 3870 ex
1225 3804 1279 3867 illo
1315 3800 1472 3872 ὑποκείσ

217 3915 296 4002 ἡμῖν
320 3919 470 3997 colligere
492 3916 628 3978 ridetur.

319 4042 430 4119 Neque
447 4038 528 4101 enim
546 4035 630 4116 quod
645 4041 793 4116 ponatur,
816 4053 881 4098 uon
904 4034 1066 4108 doceatur,
1090 4032 1161 4095 ideo
1179 4030 1239 4094 sibl
1256 4048 1392 4097 sumere
1417 4033 1465 4096 del

215 4153 338 4209 temere
360 4162 481 4223 ponere
505 4146 560 4203 aut
583 4157 701 4218 ponere
726 4137 809 4216 quod
833 4137 910 4201 alibi
938 4137 1068 4216 proprie
1090 4135 1200 4198 reiicit.
1245 4135 1288 4196 At
1311 4138 1410 4212 pouit
1433 4136 1457 4200 ui

215 4249 312 4324 aliud,
337 4266 373 4310 ac
393 4246 476 4326 quod
493 4245 568 4309 alibi
589 4242 706 4319 docuit,
729 4259 791 4302 nou
807 4239 839 4302 id
855 4239 983 4320 quidem
1002 4257 1064 4302 uno
1087 4245 1208 4314 tenore,
1234 4235 1290 4300 sed
1309 4236 1403 4303 aliud
1423 4240 1457 4303 ali

215 4352 278 4416 nisi
301 4349 384 4429 (pared
408 4353 602 4412 momentum
626 4344 762 4407 alterum
791 4348 827 4404 ut
854 4345 884 4405 irr
914 4342 1118 4422 philosophia
1146 4359 1277 4416 uanum,
1308 4340 1357 4404 ita
1386 4345 1420 4407 in
1446 4363 1460 4404 u

217 4454 391 4518 cottidiano
414 4449 614 4531 praegrande
638 4467 657 4509 a
678 4445 869 4526 philosopho
893 4447 986 4508 alteri
1009 4465 1071 4509 uon
1096 4452 1265 4525 aequatum
1286 4448 1415 4512 consilii
1438 4465 1471 4508 ru

217 4558 301 4641 garis
325 4573 420 4618 causa
442 4572 506 4616 una
530 4571 600 4616 cum
624 4551 769 4628 graviore
792 4549 931 4628 respicit.
