2968 5064
599 326 639 389 15

68 536 140 612 Qui
152 536 253 616 igitur
264 537 347 613 inde,
364 537 448 618 quod
461 537 547 602 aliud
566 557 666 619 agens
682 537 799 604 alicubi
816 539 899 617 (Nic.
912 537 983 618 VII,
1000 545 1037 604 13
1049 557 1080 618 p.
1095 544 1177 603 1153
1191 542 1263 614 ⁸14>

9 637 59 702 ibo
100 640 307 719 commiscet,
343 659 449 706 secum
483 642 588 723 ipsum
622 642 778 709 dissidere
811 641 1038 724 philosophum
1070 639 1262 720 colligatur?

9 741 124 808 efecto
151 743 206 823 qui
228 743 302 808 ideo
324 743 414 809 illum
437 745 542 809 locum
565 745 595 810 ei
618 745 815 826 abiudicant,
838 745 861 810 ii
883 745 1037 810 ucetiam
1058 749 1206 808 nostrum
1230 743 1263 807 in

9 847 319 926 spinionemuocare
331 851 614 930 coganturvereor,
627 847 682 929 qui
693 847 829 914 eandem
837 848 1083 929 discrepantiam
1096 845 1263 927 praebeat.

9 967 83 1033 eque
106 948 282 1032 quicquam
296 948 406 1028 refert,
432 951 516 1034 quod
533 951 696 1035 aliquanto
723 949 1065 1035 intorquebatur)
1088 969 1200 1016 rursus
1223 949 1263 1014 de

9 1053 203 1118 iividnitate
214 1051 378 1117 amborum
391 1073 571 1120 memorans
582 1055 746 1136 subiungit
757 1075 787 1124 u.
803 1062 845 1122 32
859 1055 892 1120 αἱ
906 1052 940 1120 δὲ
950 1048 1091 1139 (ἡδοναὶ)
1104 1050 1262 1136 σύνεγγυς

9 1163 37 1232 ῖς
54 1156 243 1240 ἐνεργείαις,
266 1156 320 1222 καὶ
335 1153 512 1243 ἄδιόριστοι
527 1155 633 1234 οὕτως
649 1155 722 1223 ὥστ’
742 1157 824 1242 ἔχειν
841 1155 1079 1242 ἀμφισβήτησιν
1101 1159 1129 1221 εἰ
1142 1153 1265 1221 ταύτόν

9 1285 54 1326 rav
77 1257 100 1345 ἡ
128 1258 268 1344 ἐνέργεια
289 1262 329 1348 τῇ
350 1257 461 1349 ἡδονῇ.
486 1259 526 1325 οὐ
550 1259 614 1346 μὴν
636 1259 718 1328 ἔοικέ
740 1257 809 1347 yar}
828 1255 931 1345 ἡδονὴ
947 1259 1074 1326 διάνοια
1096 1255 1176 1325 εἶναι
1191 1256 1263 1324 οὐδ’

9 1373 138 1450 edaces·
155 1361 278 1430 ἄτοπον
292 1363 369 1448 γάρ·
397 1361 477 1430 ἀλλὰ
498 1366 550 1430 διὰ
568 1364 605 1430 τὸ
622 1370 666 1450 μή
686 1369 876 1450 χωρίζεσθαι
892 1367 1042 1448 φαίνεταί
1055 1381 1117 1430 νισι
1131 1359 1263 1428 ταύτόν.

9 1485 81 1549 saep
106 1458 173 1533 οὖν
194 1469 229 1533 αἱ
248 1464 399 1551 ἐνέργειαι
427 1465 537 1550 ἕτεραι,
561 1469 615 1534 καὶ
638 1470 672 1532 αἱ
694 1465 816 1552 ἡδοναί.
862 1470 985 1550 Nempe
1013 1487 1172 1553 nusquam
1201 1468 1262 1548 ipsi

9 1573 107 1637 ,bium
132 1572 203 1652 fuit,
227 1573 304 1655 quin
327 1573 473 1639 diversae
495 1573 561 1640 sint
582 1592 685 1658 nequo
708 1574 760 1638 hic
788 1573 916 1638 demum
938 1573 971 1637 id
992 1574 1100 1642 verbis
1123 1573 1157 1636 ut
1178 1568 1265 1652 ἐνέρ-

9 1700 53 1738 ιαι
75 1673 190 1758 ἕτεραι,
218 1675 272 1740 καὶ
301 1677 334 1740 αἱ
360 1671 476 1759 ἡδοναὶ
504 1678 619 1741 statuit
645 1696 749 1761 neque
776 1677 875 1742 verbo
902 1676 965 1742 τισὶ
992 1694 1028 1742 se
1056 1680 1126 1758 ipse
1150 1695 1189 1741 ex
1211 1676 1263 1753 iis,

9 1781 92 1845 ribus
117 1783 164 1845 ita
185 1781 321 1857 videtur,
346 1781 495 1860 excludit,
519 1781 615 1846 immo
637 1799 673 1847 re
695 1799 772 1845 vera
794 1785 832 1845 ut
853 1779 948 1847 modo
974 1780 1263 1846 demonstravimus

9 1901 42 1948 sc
67 1884 233 1950 interdum
256 1885 492 1950 distinctionem
514 1884 666 1964 neglegit.
710 1885 919 1968 Nequaquam
942 1884 1041 1965 igitur
1055 1885 1103 1950 ita
1116 1885 1262 1964 praecise
1284 1941 1289 1958 ,

9 2005 53 2049 ¹oc
85 1985 233 2051 confusio
260 1985 502 2068 significationis
529 1987 679 2052 abiicitur
705 1988 798 2052 salva
819 1986 1000 2053 differentia
1022 1987 1196 2067 notionum,
1226 1993 1265 2052 ut

9 2096 111 2171 susm)
135 2096 268 2173 propter
288 2092 387 2156 verba
410 2089 533 2155 ἄτοπον
552 2087 615 2174 γὰρ
637 2097 670 2156 et
691 2091 754 2156 τισὶ
775 2096 877 2172 putat.

78 2229 257 2310 Profligata
279 2231 343 2295 iam
365 2231 446 2296 haee
470 2231 745 2297 commentationis
772 2235 904 2296 nostrae
932 2249 1008 2312 pars
1031 2229 1135 2310 prima
1157 2234 1207 2295 cst
1230 2236 1264 2295 et

9 2352 79 2397 tone
104 2333 285 2398 aderitum
309 2335 457 2415 adducta,
479 2354 553 2399 nam
575 2335 681 2426 iniis,
702 2353 785 2418 quae
809 2353 847 2398 ex
870 2333 981 2417 quinto
1005 2335 1109 2414 capite
1128 2338 1262 2411 restant,

9 2435 173 2500 ristoteles
189 2435 229 2500 de
245 2436 413 2516 generibus
429 2444 462 2503 et
477 2438 635 2520 dignitate
650 2439 852 2519 voluptatum
869 2437 945 2518 agit,
962 2456 1097 2521 quorum
1111 2441 1263 2504 neutrum

9 2539 14 2602 t
38 2544 189 2604 nostrum
210 2541 410 2621 propositum
433 2541 520 2607 facit.

78 2659 170 2724 Haec
184 2659 285 2741 igitur
299 2667 383 2741 sunt,
400 2682 482 2747 quae
498 2663 567 2728 iere
583 2683 621 2728 ex
634 2682 673 2729 ea
685 2663 902 2744 disputatione
914 2662 985 2727 elici
997 2680 1093 2742 posse
1104 2663 1265 2740 videntur,

10 2781 40 2826 ra
55 2765 157 2828 trium
173 2769 206 2828 et
223 2766 441 2848 copiosissime
458 2771 491 2831 et
506 2766 746 2832 accuratissime
758 2767 948 2832 Aristoteles
962 2766 1155 2831 sententiam
1171 2785 1261 2830 suam

11 2867 111 2933 oiert.
160 2871 249 2948 Quae
264 2870 333 2952 ipse
349 2871 444 2948 dicat,
461 2889 542 2954 quae
559 2889 598 2933 ex
612 2869 652 2933 iis
669 2867 859 2948 efficiantur,
884 2887 967 2951 quae
983 2866 1065 2933 effici
1082 2869 1264 2949 videantur,

11 2990 56 3037 rec
78 2975 250 3039 enucleata
272 2975 468 3051 colligamus.
512 2974 600 3051 Quae
623 2979 730 3041 autern
754 2974 839 3053 dicit,
863 2973 943 3038 haec
966 2977 1055 3036 sunt:

81 3095 218 3160 Omnem
240 3095 439 3176 voluptatem
466 3095 518 3159 vel
541 3093 684 3160 dolorem
706 3113 778 3164 esse
800 3095 834 3160 id
856 3099 892 3158 ut
920 3111 1048 3158 omnem·
1067 3093 1264 3160 functionem

12 3197 108 3262 itione
132 3195 320 3280 perfectum,
344 3198 431 3282 quod
459 3217 586 3263 omnem
613 3200 739 3266 aninrae
767 3199 946 3274 sentientis,
976 3198 1157 3280 cogitantis,
1185 3215 1261 3262 con·

12 3303 165 3387 mpiantis
192 3303 334 3368 muneris
356 3301 552 3367 functionem
575 3306 729 3384 sequatur
751 3301 973 3370 coniunctione
997 3310 1063 3366 tarn
1085 3299 1261 3378 individua,

12 3405 115 3470 :idem
133 3408 230 3486 atque
245 3405 326 3471 haec
340 3403 501 3471 interdum
517 3405 730 3488 concipiatur,
745 3404 850 3471 obiter
873 3405 981 3471 addito
1004 3406 1075 3471 loco
1098 3405 1262 3488 aliquanto

13 3509 159 3573 asteriore
181 3507 308 3574 iniuria.
354 3509 423 3587 Quo
447 3507 622 3590 perfectior
643 3509 686 3574 sit
709 3509 865 3591 qualitate
893 3510 985 3585 hacc,
1020 3529 1058 3574 eo
1087 3507 1261 3589 perfectius

13 3614 135 3678 uditate
162 3611 242 3676 illud
276 3629 357 3678 esse.
408 3613 586 3677 Iucundum
612 3617 722 3677 autem
750 3611 783 3676 id
811 3629 882 3678 esse
905 3612 1062 3691 omnibus,
1086 3611 1173 3696 quod
1195 3629 1263 3676 om·

13 3715 70 3782 ibus
88 3714 199 3782 vivere
215 3716 258 3781 sit
271 3715 452 3798 iucundum,
475 3717 564 3782 cuius
578 3712 734 3796 perfectio
751 3716 853 3797 (etex
869 3716 1053 3781 coniectura
1069 3715 1262 3782 adiecimus:

14 3820 122 3902 atione)
146 3819 189 3884 sit
210 3821 369 3902 voluptas.
423 3821 551 3885 Genera
573 3819 747 3903 voluptatis
771 3837 843 3884 esse
864 3822 929 3897 tot,
953 3824 1032 3902 quot
1054 3818 1260 3894 functionum,

14 3930 130 3990 rrrcstas
154 3943 220 4006 eas,
243 3943 323 4010 quas
344 3926 427 3992 tales
450 3942 521 3989 esse
543 3928 673 3988 censeat
695 3923 744 3986 vir
769 3924 881 3988 bonus.

81 4048 172 4126 Quae
201 4045 385 4112 efficiuntur
412 4047 479 4111 sive
507 4064 546 4110 en
573 4045 614 4112 X.
637 4044 718 4109 libro
757 4043 824 4110 sive
852 4043 924 4109 aliis
952 4044 1032 4110 locis
1060 4047 1147 4109 cedri
1175 4043 1262 4108 veris

15 4149 149 4216 diribitis:

80 4273 167 4340 Illud
183 4273 378 4339 functionem
389 4290 527 4356 sequens
541 4271 684 4352 dignosci
696 4270 902 4354 voluptatem,
924 4288 995 4334 curn
1018 4269 1061 4334 sit
1082 4269 1139 4334 illa
1162 4269 1267 4352 quali--

16 4383 46 4442 us
78 4377 232 4463 perfecta,
245 4387 248 4397 ’
262 4377 311 4442 rin
339 4376 443 4458 aliter,
470 4375 614 4441 dolorem
643 4393 747 4458 neque
777 4374 869 4455 sequi
896 4374 999 4438 solunr
1023 4369 1183 4457 ἐνέργειαν
1210 4373 1261 4438 vel

16 4447 94 4562 isos,
111 4479 169 4547 sed
183 4480 290 4564 ipsum
304 4497 431 4564 quoque
447 4497 519 4545 esse
539 4475 698 4562 ἐνέργειαν
713 4479 765 4542 vel
780 4475 896 4557 πάθος,
913 4477 990 4558 quin
1010 4478 1106 4543 etiam
1122 4474 1265 4560 δύναμιν

16 4594 113 4666 taluc.
136 4585 243 4670 Ipsius
253 4589 361 4650 autem
374 4584 508 4662 animae,
519 4601 583 4648 non
595 4583 721 4652 animae
736 4598 916 4665 persensus
929 4581 962 4646 id
973 4597 1044 4648 esse
1056 4577 1214 4666 ἐνέργειαν
1227 4584 1260 4646 et
