2968 5064
628 356 670 418 33

8 565 93 629 lubio
121 565 296 644 simillima,
320 565 416 629 immo
440 566 551 631 eadem
574 569 632 646 est,
657 584 697 631 ne
719 567 822 630 dicam
837 565 940 647 ipsam
963 565 1195 632 beatitudinem
1219 583 1291 628 esse

8 669 205 748 *oluptatem
228 668 394 748 quandam,
418 685 548 733 rumam
569 670 700 735 tandem
723 670 808 752 quod
831 669 864 733 in
884 669 941 732 illa
963 668 1058 747 valet,
1081 685 1146 732 non
1167 667 1290 733 valebit

8 791 24 834 n
43 771 133 836 hac?
173 771 255 848 Quid
271 772 357 851 quod
373 769 505 836 ἐπε-σθαι
519 777 587 848 ταῖς
601 771 772 856 ἐνεργείαις
789 773 873 837 idern
895 790 1010 836 sonare
1033 776 1129 852 atque
1153 765 1233 835 εἶναι
1255 767 1290 835 ἐκ

8 878 64 936 -ῶν
87 872 271 955 ἐνεργειῶν,
295 876 458 939 numerari
479 876 563 939 inter
578 873 746 959 ἐνεργείας,
769 877 849 957 ipsis
871 875 977 941 verbis
1001 875 1117 940 dieitur
1131 875 1200 940 Nio.
1217 875 1292 954 X,5

8 999 27 1040 ι.
55 985 170 1045 11768
190 985 231 1044 24
258 981 325 1041 τῶν
353 975 384 1043 δ’
414 976 561 1043 ἐπιεικῶν
591 974 672 1043 εἶναι
700 981 870 1044 δοκουσῶν
896 981 993 1044 ποίαν
1020 975 1043 1063 ἢ
1070 979 1143 1042 τίνα
1171 974 1291 1060 φατέον

8 1083 58 1145 τοῦ
83 1079 270 1162 ἀνθρώπου
294 1077 386 1155 τίνεις
410 1078 433 1165 ἢ
455 1079 489 1146 ἐκ
511 1085 577 1145 τῶν
600 1082 766 1166 ἐνεργειῶν
789 1084 902 1167 δῆλον;
926 1078 1056 1157 ταύταις
1077 1077 1139 1165 γὰρ
1163 1079 1294 1146 ἕπονται

8 1185 32 1248 ri
53 1180 187 1267 ἡδοναί.
234 1181 291 1248 εἴτ’
321 1175 384 1249 οὖν
410 1187 467 1268 μία
490 1183 575 1249 ἐστίν
597 1187 656 1250 ε’ίτε
687 1188 816 1260 πλείους
840 1187 874 1250 αι’
894 1189 954 1250 τοῦ
975 1186 1097 1262 τελείου
1120 1183 1173 1250 καὶ
1196 1209 1295 1268 μακα-

8 1291 77 1366 Ιιιόυ
102 1285 235 1368 ἀνδρός,
260 1290 294 1352 ai
307 1286 425 1364 ταύτας
440 1292 615 1354 τελειοῦσαι
637 1285 752 1373 ἡδοναί
766 1293 888 1373 κυρίως
909 1285 1037 1373 λέγοιντ’
1056 1286 1097 1352 ίὲυ
1113 1284 1294 1373 οίνθρῶκτου

8 1387 120 1476 {novat
138 1385 227 1458 εἶναι.
256 1393 305 1457 An
324 1411 388 1456 non
403 1393 483 1456 illud
499 1393 604 1474 ipsum
619 1390 750 1458 ἕπεσθαι
766 1413 863 1460 eausa
877 1394 1015 1466 habetur
1030 1392 1116 1458 illius
1139 1387 1220 1456 είναι
1238 1390 1295 1458 in?

8 1496 166 1574 Quidnam
189 1501 296 1560 autem
318 1496 448 1560 tandem
472 1497 559 1562 aliud
581 1495 760 1577 significare
784 1498 942 1579 quispiam
964 1497 1042 1562 velit
1057 1490 1137 1560 εἶναι
1160 1494 1191 1575 ἐξ
1206 1494 1293 1578 ἐνερ-

8 1607 98 1662 γειῶν
137 1598 201 1662 nisi
243 1617 339 1662 unam
380 1619 418 1663 ex
456 1600 509 1678 iis,
549 1601 568 1666 i.
599 1619 625 1665 e.
653 1601 756 1681 ipsam
801 1599 958 1685 ἐνέργειαν
995 1604 1086 1666 esse?
1139 1601 1292 1681 Idemque

8 1705 99 1770 etiam
125 1702 268 1784 apertius
292 1703 320 1766 si
342 1703 437 1766 modo
452 1709 562 1785 potest
576 1702 612 1767 fit
626 1703 709 1778 inde,
733 1706 927 1785 quodmodo
944 1706 1002 1788 τὴν
1017 1699 1140 1787 ἡδονὴν
1156 1702 1289 1769 ἕπεσθαι

8 1814 70 1884 τοῖς
93 1804 214 1872 πάθεσι
237 1806 354 1871 dicitur
385 1791 468 1889 (Nic.
491 1808 531 1886 ΙΙ,
556 1816 629 1888 41).
655 1810 760 1875 1105b
779 1809 842 1892 23),
864 1808 958 1873 modo
982 1807 1041 1890 τήν
1062 1802 1186 1891 ἡδονὴν
1209 1803 1291 1874 είυαι
1325 1815 1326 1820 ’

8 1913 113 1987 τάθος
145 1911 201 1994 (ib.
224 1910 265 1988 ΙΙ,
295 1917 312 1975 t
342 1929 374 1990 p.
406 1913 512 1976 1106b
531 1918 584 1981 20:
615 1912 656 1976 de
678 1912 783 1977 anima
806 1913 830 1992 Ι,
859 1921 876 1978 5
901 1931 931 1993 p.
956 1914 1041 1978 4091)
1062 1919 1100 1978 15
1128 1910 1168 1977 τόι
1195 1909 1286 1997 πάθη

8 2015 57 2080 καὶ
82 2012 124 2080 τὰ
140 2013 217 2097 ἔργα
232 2025 289 2096 τῆς
310 2015 416 2096 ψυχῆς
439 2009 637 2093 ἀποδιδόναι,
662 2009 734 2079 οἷον
752 2014 933 2098 λογισμούς,
958 2014 1131 2099 αἰσθήσεις,
1154 2010 1286 2100 ἡδονάς,

8 2119 119 2194 trinae,
154 2115 216 2184 ὅσα
243 2114 324 2182 ἄλλα
351 2119 507 2196 τοιαῦτα),
541 2136 603 2197 qua
630 2117 663 2182 in
686 2137 721 2183 re
751 2119 955 2184 recordemur
982 2117 1089 2195 πάθος
1112 2139 1290 2200 congruere

8 2243 77 2288 :um
102 2221 244 2310 ἐνεργείᾳ
265 2222 321 2300 ita,
345 2225 381 2284 ut
409 2226 544 2300 utraque
572 2240 650 2286 vore
678 2223 762 2287 idem
784 2242 822 2288 ex
848 2223 972 2288 duabus
994 2223 1173 2290 rationibus
1197 2224 1295 2306 signi-

8 2325 130 2391 iretur.
182 2327 220 2390 ld
249 2345 325 2390 vero
356 2325 519 2406 optimum,
554 2331 591 2390 ut
621 2323 779 2409 ἐνέργειαν
807 2328 1028 2408 perhorreant,
1064 2323 1170 2403 πίθος
1198 2327 1294 2394 facile

8 2431 188 2510 patiantur!

108 2535 174 2598 Sed
208 2534 356 2615 qnoniam
387 2531 557 2613 professus.
581 2551 649 2598 sum
677 2533 756 2613 ipsis
790 2533 896 2598 uerbis
931 2552 1057 2614 quoque
1085 2535 1290 2602 Aristotelem

9 2645 61 2720 qv
90 2633 216 2722 ἡδονὴν
243 2633 401 2719 ἐνέργειαν
429 2637 546 2702 dixisse
574 2656 624 2701 me
654 2643 854 2702 ostentorum
883 2656 964 2717 esse,
999 2638 1075 2718 quid
1104 2640 1220 2704 attinet
1243 2641 1290 2704 di·

12 2742 198 2806 nittendum
219 2741 313 2806 nobis
334 2759 415 2817 esse,
438 2760 478 2805 ne
494 2739 696 2820 captionibus
719 2741 911 2820 irretiamur,
935 2743 1018 2806 hune
1040 2742 1144 2822 ipsum
1167 2743 1207 2808 de
1230 2763 1295 2825 quo

10 2847 130 2920 orimus
153 2846 259 2910 locum
282 2843 351 2908 Nic.
368 2844 437 2923 Vll,
463 2853 502 2910 13
525 2847 762 2925 p.1153³12?
797 2846 934 2909 Restant
955 2845 1018 2909 loci
1041 2846 1112 2922 duo,
1136 2848 1190 2927 qui
1213 2866 1290 2913 con·

9 2951 76 3013 felli
101 2967 167 3012 nou
190 2955 335 3029 possunt.
380 2949 429 3011 An
456 2967 532 3012 uero
561 2949 693 3012 verbum
721 2968 779 3028 pro
809 2948 1007 3013 substantivo
1037 2950 1176 3029 positum
1204 2952 1290 3031 quis-

9 3055 89 3134 )ium
115 3057 226 3131 carpet
249 3053 289 3116 de
306 3051 412 3115 anima
435 3050 493 3130 ΙΙΙ,
519 3058 537 3117 7
560 3071 590 3131 p.
607 3060 694 3118 431a
713 3058 753 3118 10
780 3051 834 3116 καὶ
855 3049 919 3115 ἐστι
941 3046 976 3116 ro*
999 3049 1135 3136 ἥδεσθαι
1155 3052 1209 3118 καὶ
1232 3060 1288 3118 λυ-

9 3162 137 3219 ιεῖσθοα
161 3156 197 3218 τὸ
221 3152 359 3236 ἐνεργεῖν
382 3158 420 3240 τῇ
444 3156 615 3242 αίσθητικῇ
636 3153 784 3238 μεσότητι
809 3155 889 3237 πρὸς
918 3162 954 3219 τὸ
984 3152 1111 3238 νἰγαδόν
1137 3154 1160 3240 ἢ
1183 3155 1284 3222 κακὸν

9 3291 20 3342 γ
54 3259 211 3322 τοιαῦτα.)
256 3258 404 3321 Pluribus
429 3259 587 3338 agendum
617 3259 656 3323 de
678 3259 816 3339 metaph.
843 3259 899 3336 ΧΙ,
925 3266 942 3324 7
970 3279 1000 3339 p.
1026 3263 1131 3326 1072b
1152 3269 1189 3326 16
1214 3259 1285 3342 Ιἐιτεὶ

9 3361 57 3424 iul
82 3357 104 3445 ἡ
130 3357 235 3444 ἡδονὴ
259 3359 397 3444 ἐνέργεια
418 3359 537 3426 τούτου
561 3364 618 3444 (se.
636 3365 696 3426 τοῦ
718 3366 810 3443 θεοῦ)
834 3367 870 3427 ut
884 3363 1012 3428 Bekker
1034 3369 1144 3429 noster
1158 3367 1291 3446 recepit,

9 3463 70 3528 ἐπεὶ
102 3464 158 3528 καὶ
189 3459 291 3547 ἡδονή
321 3459 341 3548 ἡ
369 3461 507 3547 ἐνέργεια
535 3463 655 3529 τούτου
683 3472 719 3529 ut
744 3466 858 3530 Bonita
887 3467 1077 3532 emendavit.
1127 3469 1177 3532 Ad
1205 3488 1288 3550 quae

9 3569 113 3634 ilaus:
138 3569 222 3633 Dass
245 3569 332 3633 diese
356 3569 533 3634 Lesearten
561 3571 592 3633 in
620 3570 721 3634 ihrem
745 3570 841 3634 Sinne
870 3570 1053 3634 wesentlieh
1081 3572 1289 3638 verschieden

10 3674 84 3750 sind,
108 3673 154 3736 ist
177 3671 289 3748 sicher,
312 3672 354 3735 da
376 3692 450 3737 man
473 3673 531 3738 das
555 3673 743 3752 allgemeine
765 3674 830 3737 und
851 3673 1031 3754 beJ'ahende
1054 3674 1180 3739 Urtheil
1202 3677 1291 3742 nieht

10 3775 206 3840 iehlechtbin
234 3776 298 3839 und
327 3776 408 3840 ohne
431 3776 696 3856 Einschrannung
723 3777 897 3842 nmkehren
927 3776 1007 3842 dari.
1054 3778 1080 3842 O
1107 3780 1291 3859 plumbeum

10 3878 192 3960 pugionem!
243 3879 271 3942 A
301 3879 487 3959 quaestione
515 3900 668 3960 perversa
691 3881 731 3944 ad
760 3881 879 3945 exitum
903 3882 1068 3946 descendit
1091 3901 1289 3962 perversum.

10 3983 119 4062 Neque
145 3981 227 4044 enim
252 4001 290 4046 ea
313 3983 458 4062 quaestio
481 3983 533 4047 hio
555 3983 760 4064 proponenda
776 3989 834 4064 est,
857 3989 964 4048 utrum
987 3985 1107 4049 functio
1132 3989 1289 4067 quaedam

10 4088 63 4150 tub
90 4085 293 4164 voluptatem
317 4085 460 4150 subiecta
483 4087 525 4151 sit
549 4082 663 4169 (ἡδονὴ
686 4081 705 4170 ἡ
730 4083 867 4169 ἐνέργεια
888 4085 1020 4171 τούτου)
1044 4109 1085 4154 an
1109 4092 1212 4156 onmis
1235 4111 1289 4156 vo·

10 4185 115 4270 lupius
149 4188 351 4252 contineatur
378 4189 540 4255 functione
563 4190 616 4254 dei
638 4185 671 4273 (ἡ
695 4185 797 4274 ἡδονὴ
821 4188 958 4274 ἐνέργεια
979 4189 1120 4276 τούτου),
1148 4194 1181 4258 id
1205 4197 1290 4276 quod

10 4307 141 4374 prorsus
165 4291 340 4356 absurdum
364 4299 423 4371 est,
448 4294 504 4358 sed
532 4293 563 4358 id
593 4295 700 4373 agitur
725 4300 834 4358 utrum
856 4296 1047 4360 Aristoteles
1075 4294 1291 4377 proibeatur

10 4403 36 4484 ιγ]
58 4396 215 4481 ἐνεργείᾳ,
237 4389 317 4460 εἶναι
335 4397 416 4461 κατὰ
433 4397 492 4481 τὴν
511 4394 668 4480 ἐνέργειαν
684 4416 766 4478 quae
787 4402 861 4462 sunt
880 4399 995 4464 similia
1012 4400 1097 4465 dicat
1108 4396 1189 4466 εἶναι
1204 4400 1288 4484 ἐνὲρ·

19 4525 102 4568 ειαν.
127 4499 217 4564 Dicit
228 4505 334 4564 autem
351 4509 462 4582 aperte
480 4502 513 4566 in
528 4507 695 4580 utramque
710 4506 845 4582 partem,
861 4520 964 4582 neque
979 4502 1063 4568 enim
1076 4505 1127 4569 dei
1139 4506 1288 4586 voluptas

20 4609 101 4671 liter
130 4623 166 4668 se
194 4604 314 4671 habere
341 4610 450 4686 potest
477 4605 517 4670 ad
545 4604 740 4670 functionem
767 4623 857 4670 suam
887 4609 982 4686 atque
1008 4607 1178 4689 hominum,
1210 4628 1287 4691 ergo

1077 4709 1093 4764 3

11 4725 12 4770 l

11 4801 12 4830 ι

11 4831 13 4890 r

11 4973 21 5032 l.
