2968 5064
588 395 591 400 .
624 313 721 410 ...ΙΙ

56 537 68 549 ”
99 524 253 609 πράττειν
277 523 299 609 ἢ
322 524 356 590 ἐν
378 529 425 612 τῷ
448 527 630 607 μεμνῆσθαι
652 522 675 607 ἢ
699 523 732 588 ἐν
754 527 799 611 τῷ
823 523 964 602 ἐλπίζειν.
1011 527 1044 589 αἱ
1065 524 1123 606 μὲν
1147 518 1208 591 οὖν
1231 525 1265 592 ἐν
1281 532 1320 614 τῇ

54 633 142 710 τάξει
169 633 254 696 κατὰ
280 629 340 713 την
369 631 519 712 αἴσθησίν
548 630 635 707 εἰσιν,
665 625 743 693 ὥσθ’
772 623 827 692 ὑπ’
857 630 1015 710 αἰσθητοῦ
1043 653 1130 705 τινος
1152 638 1318 708 κινεῖσθαι,

84 733 111 800 θ’
137 734 171 799 ἐν
202 739 242 821 τῇ
270 733 379 820 μνήμη
408 735 461 798 καί
484 732 517 798 ἐν
541 737 580 819 τῇ
603 731 704 797 ἐλπίδι
727 729 789 796 άπὸ
819 729 951 814 ταύτης.
985 733 1007 814 ἢ
1034 730 1096 816 γάρ
1119 727 1172 798 οἶα
1195 733 1318 800 ἔπαθον

51 837 228 924 μνημένοι
257 837 398 920 ἥδονται,
426 836 449 921 ἢ
472 836 647 916 ἐλπίζοντες
671 831 723 899 οἷα
745 834 924 918 μέλλουσιν.
971 835 1042 902 ὥστ’
1068 833 1191 921 άνάγκη
1214 841 1319 902 πᾶσαν

44 945 87 1026 ην
99 941 257 1026 τοιαύτην
269 939 392 1030 ἡδονὴν
403 937 468 1006 ὑπὸ
480 943 546 1005 ταῖν
559 943 724 1023 αἰσθητῶν
736 941 1258 1022 ymmo-satellitiisp.1104b
1279 950 1316 1006 13

42 1073 72 1111 ιι
93 1045 120 1112 θ’
146 1049 174 1110 εί
197 1044 307 1128 άρεταί
329 1044 387 1112 εἰσι
409 1045 481 1126 περὶ
503 1044 632 1125 πράξεις
660 1043 714 1108 καὶ
736 1041 834 1126 πάθη,
863 1045 959 1108 παντὶ
982 1043 1015 1108 δέ
1038 1045 1134 1110 πάθει
1156 1045 1210 1110 καὶ
1232 1042 1317 1130 πάση

55 1149 142 1230 ράξει
172 1150 280 1216 ἕπεται
306 1146 409 1234 ἡδονὴ
437 1149 491 1214 καὶ
520 1150 605 1233 λύπη
636 1173 665 1213 κ.
694 1172 720 1211 τ.
744 1152 772 1210 λ.
808 1187 841 1194 -
874 1149 954 1215 rhet.
977 1150 1002 1224 Ι,
1031 1160 1066 1217 ll
1098 1171 1127 1231 p.
1155 1157 1259 1216 1370⁸
1277 1157 1317 1216 λλ

29 1255 94 1320 εἰ
119 1251 146 1319 δ’
172 1253 239 1318 ἐστὶ
259 1259 296 1318 τὸ
321 1251 489 1337 ἥδεσθαι’
478 1278 511 1318 εν
533 1277 578 1342 τῳ
604 1248 866 1318 αἰσθάνεσθαίι
838 1276 925 1327 τινος
947 1252 1085 1334 πάθους,
1109 1249 1179 1336 ηὸἐ
1196 1277 1318 1335 φαντα-

34 1363 80 1424 ία
103 1357 192 1423 ἐστὶν
220 1360 369 1441 αἴσθησίς
395 1381 442 1432 τις
473 1349 622 1480 άσθενης,
652 1354 715 1422 κάν
737 1359 782 1444 τῷ
797 1354 994 1480 μεμνημένῳ
1022 1356 1144 1442 καὶτῷ
1166 1355 1320 1434 ἐλπίζοντι

24 1441 254 1560 ἐκκολουθοῑ
233 1485 275 1526 αν
298 1465 471 1545 φαντασία
480 1485 526 1536 τις
549 1461 590 1525 οὑ
613 1484 767 1544 μεμνηται
789 1488 808 1544 η
835 1459 956 1538 ἐλπίζει.
996 1483 1022 1524 ει
1015 1458 1072 1524 ’δε
1087 1463 1194 1541 τοῦτο,
1218 1460 1317 1544 δῆλον

27 1589 78 1630 οτι
101 1566 155 1630 καὶ
179 1561 338 1648 ηόοναιΙ
318 1589 383 1647 αμα
405 1563 616 1648 μεμνημένοις
639 1565 693 1629 καί
716 1563 949 1644 ἐλπίζονσιν,’
938 1567 1062 1645 επείπερ
1087 1589 1140 1628 και
1164 1565 1313 1646 αἴσθησις

28 1669 99 1736 ὥστ’
125 1668 251 1754 ἀνάγκη
275 1666 380 1733 πάντα
401 1665 439 1733 τά
462 1664 540 1753 ἡδέα
562 1667 584 1752 ἢ
607 1668 709 1756 ἐντῷ
732 1668 943 1734 αἰσθάνεσθαι
965 1661 1045 1731 εἶναι
1067 1665 1211 1747 παρόντα
1234 1665 1256 1750 ἢ
1278 1665 1312 1731 ἐν

27 1780 73 1862 τῷ
96 1777 281 1898 μεμνῆσθαι
302 1770 495 1896 γεγεηημένα
517 1770 539 1856 ἢ
561 1771 595 1837 ἐν
617 1774 661 1859 τῴ
685 1772 817 1851 ἐλπίζειν
838 1772 1006 1856 μέλλοντα·
1030 1770 1240 1836 αἰσθάνονται
1254 1770 1312 1853 μὲν

24 1879 86 1962 γάρ
110 1877 150 1942 τά
173 1875 327 1958 παρόντα,
351 1899 452 1960 μεμνι
456 1900 524 1940 νται
540 1873 622 1940 δε
588 1899 627 1940 τα
642 1899 843 1959 γεγενηαενα
868 1876 1026 1954 ἐλπίζουσι
1047 1873 1131 1939 ds
1096 1901 1135 1938 τα
1150 1873 1312 1955 αελλοντα

25 1981 65 2046 τά
87 1981 147 2064 μέν
171 1971 233 2046 οὖν
255 1976 461 2064 μνημονευτά
482 1975 593 2064 ηόἐα’
582 1982 674 2060 εστίν,
699 1978 738 2044 od
762 1977 864 2060 μόνον
887 1978 947 2046 ὅσα
970 1979 1003 2042 ἐν
1024 1983 1069 2066 τῷ
1092 1978 1236 2060 παοόντι,
1261 1979 1312 2044 ὅτε

27 2090 143 2169 παρῆν,
167 2081 286 2168 ἡδέα’
269 2108 319 2166 ην,
343 2081 442 2147 άλλΗ
432 2081 500 2148 ε’νια
520 2083 575 2148 καί
598 2080 658 2166 οὐχ
680 2079 810 2168 ηδέα,
790 2110 831 2148 αν
853 2111 873 2170 η
898 2082 1034 2163 ὕστερον
1056 2083 1155 2147 καλον
1170 2109 1223 2147 και
1240 2082 1314 2166 άγα-

23 2191 90 2254 θόν
112 2185 151 2253 τὸ
174 2212 253 2270 μετα
274 2211 381 2252 τουτο
410 2225 453 2234 -
483 2188 529 2252 lb.
554 2189 617 2254 b6.
647 2224 685 2235 —
716 2189 764 2252 Ex
787 2190 901 2268 quibus
924 2190 1002 2252 llaec
1026 2190 1123 2253 umba
1146 2189 1317 2269 praecipue

24 2301 101 2358 sunt
124 2293 279 2357 intuenda
302 2290 366 2356 ἐστὶ
388 2297 424 2356 τὸ
447 2288 582 2374 ἥδεσθαι
612 2289 646 2354 ἐν
669 2295 716 2378 τῷ
747 2291 961 2357 αἰσθάνεσθαί
983 2316 1070 2366 τινος
1095 2290 1231 2367 πάθους.
1277 2293 1319 2355 Et

25 2397 62 2460 ἐν
85 2399 132 2484 τῷ
156 2393 371 2460 αἰσθάνεσθαι
394 2398 685 2475 esse,u0luptute1u
712 2396 773 2458 diui
803 2391 953 2476 possset
976 2395 1077 2484 ἐντῷ
1099 2393 1196 2460 πάθει
1225 2415 1321 2476 supra

24 2501 174 2578 vidimus
208 2501 259 2563 hic
288 2500 405 2564 dicitur
433 2497 467 2562 ἐν
497 2502 542 2586 τῷ
573 2497 786 2563 αἰσθάνεσθαί
814 2524 900 2574 τινος
923 2499 1061 2574 πάθους.
1099 2498 1213 2574 Πάθος
1235 2501 1320 2565 idem

23 2603 211 2686 significare
239 2610 334 2684 atque
358 2604 508 2686 αἴσθησιν
532 2604 599 2667 sive
622 2600 780 2684 ἐνέργειαν
804 2623 997 2684 persensus
1033 2604 1153 2668 lactum
1185 2609 1320 2683 apparet

25 2708 184 2788 (metaph.
208 2707 264 2785 ΙΙΙ,
296 2717 314 2772 5
343 2728 373 2788 p.
399 2709 506 2772 ldlllb
525 2713 593 2786 33),
629 2727 730 2787 neque
761 2709 864 2772 miuus
894 2705 1107 2772 αἰσθάνεσθαι
1135 2726 1205 2771 esse
1233 2707 1319 2770 illum

25 2809 201 2894 ἐνέργειαν,
236 2829 318 2890 quae
348 2811 498 2890 voluptas
527 2811 596 2890 ipsa
631 2829 701 2874 esse
736 2812 839 2876 adhuc
872 2812 940 2874 uisa
971 2813 1023 2876 sit.
1068 2811 1189 2887 Quodsi
1224 2817 1319 2875 antus

24 2918 226 2996 voluptatem
252 2933 323 2978 esse
346 2912 471 2977 animae
494 2913 689 2978 functionem
713 2915 854 2979 muueris
882 2915 998 2979 affectu
1025 2933 1175 2979 sensuum
1200 2916 1318 2978 excita-

22 3026 92 3084 tam
122 3019 269 3093 diximus
298 3036 360 3098 qua
388 3017 441 3082 ΙΙΙο
470 3017 512 3081 sit
540 3017 609 3096 ipse
638 3035 763 3098 quoque
792 3017 922 3098 functio,
955 3038 1038 3083 nuuc
1068 3019 1113 3083 sic
1137 3019 1213 3083 licet
1236 3037 1320 3082 οοΙΙΙ-

24 3124 187 3203 pressius:
219 3140 289 3185 eam
313 3141 384 3186 esse
415 3123 568 3204 αἴσθησιν
591 3119 771 3205 αἰσθήσεως
793 3124 844 3187 vel
868 3124 974 3204 potius
999 3125 1038 3187 ab
1063 3141 1101 3186 eu
1124 3140 1186 3185 uon
1210 3121 1321 3186 distm-

22 3227 198 3309 gueudam
244 3227 355 3306 Neque
383 3228 481 3307 igitur
509 3221 546 3289 τὸ
571 3225 808 3307 αἰσθανόμενον
839 3229 1007 3307 quicquum
1037 3227 1121 3289 uliud
1152 3231 1201 3289 est
1224 3231 1320 3306 atque

23 3330 107 3394 illud
132 3335 257 3409 κρῖνον,
282 3330 365 3410 quod
389 3329 523 3394 verbum
541 3330 667 3409 saepius
688 3331 772 3410 apud
791 3331 996 3395 Aristotelem
1015 3331 1099 3394 idem
1122 3332 1207 3394 valet
1224 3335 1319 3409 atque

22 3432 108 3499 illud
139 3433 194 3518 (de
224 3434 330 3498 anima
353 3432 408 3508 ΙΙΙ,
438 3441 458 3498 4
487 3451 516 3512 p.
540 3435 700 3509 42911133
731 3442 750 3499 3
779 3453 808 3513 p.
833 3441 919 3498 428⁸
938 3441 972 3511 23
1003 3433 1039 3498 cf.
1069 3435 1174 3498 Zeller
1201 3454 1232 3514 p.
1257 3442 1318 3499 566

24 3545 93 3602 not.
121 3541 162 3617 8).
210 3537 287 3600 Cum
311 3543 416 3600 autem
440 3537 492 3600 hic
514 3537 713 3617 voluptatem
733 3556 795 3602 nou
820 3539 912 3601 modu
936 3539 1019 3603 idem
1043 3544 1139 3618 utque
1163 3535 1320 3620 ἐνέργειαν

24 3640 168 3718 uidendi,
195 3641 355 3716 audiendi,
380 3640 529 3704 similium
554 3658 625 3704 esse
648 3646 754 3719 neget,
780 3642 835 3705 sed
860 3661 898 3706 ue
922 3647 1019 3723 atque
1042 3643 1227 3706 interiorum
1250 3642 1320 3726 qui-

22 3748 101 3810 dem
130 3744 225 3808 huius
254 3742 410 3826 ἐνεργείας
439 3740 598 3825 ἐνέργειαν
629 3763 701 3808 esse
728 3745 814 3823 velit,
848 3746 943 3810 immo
973 3765 1044 3809 cum
1072 3743 1106 3808 ἐν
1134 3747 1180 3831 τῷ
1208 3743 1320 3810 αἰσθά-

21 3855 153 3926 νεσθαι,
177 3867 242 3913 ΙΙοΙΙ
266 3847 477 3912 αἰσθάνεσθαι
499 3849 587 3923 dicit,
612 3849 814 3914 coniunctum
840 3850 1059 3913 tautummodo
1083 3848 1232 3929 quiddam
1249 3867 1320 3913 cum

22 3951 219 4034 posteriore,
236 3953 277 4017 ud
301 3953 453 4016 maiorem
477 3952 688 4018 subtilitatem
715 3955 752 4016 de
776 3953 941 4032 uoluptate
965 3953 1143 4017 doctrinam
1165 3952 1320 4032 produce-

20 4075 106 4131 mus,
137 4074 208 4119 cum
237 4056 335 4120 salvis
359 4057 473 4121 ceteiis
504 4057 597 4136 quasi
623 4057 762 4120 medium
791 4056 903 4136 quid
895 4061 980 4119 mter
1001 4056 1207 4136 uoluptatem,
1238 4075 1319 4136 quae

20 4163 98 4242 ipsu
127 4155 268 4240 ἐνέργεια
294 4161 364 4223 visa
398 4165 455 4234 est,
490 4158 691 4224 etillam'
679 4157 839 4242 ενέργειαν
873 4160 964 4238 quasi
1001 4158 1187 4238 primariam
1219 4159 1316 4223 iuter-

22 4281 193 4346 pouemuS,
223 4262 294 4326 dico
317 4263 403 4327 illam
428 4264 578 4346 αἴσθησιν
601 4265 781 4346 αίοθησεος
809 4265 858 4327 iel
893 4263 998 4342 κρίσιν
1011 4255 1211 4345 αἰσθήσεως,
1240 4263 1317 4327 licet

22 4387 62 4432 eo
103 4366 233 4445 gravior
271 4366 454 4431 Aristotelis
494 4366 618 4431 incuria
656 4366 801 4430 videatur
837 4367 1004 4445 neglectae
1042 4366 1135 4429 huius
1176 4367 1312 4447 duplicis

21 4468 252 4546 distinctionis
281 4485 362 4548 quae
391 4488 454 4533 non
483 4471 528 4532 ita
558 4470 657 4533 multo
686 4470 788 4534 maior
816 4475 865 4533 est
893 4471 925 4532 in
949 4471 1028 4534 rhet.
1053 4470 1077 4546 Ι,
1103 4479 1138 4536 11
1165 4475 1222 4534 aut
1244 4472 1314 4534 Nic.

20 4571 94 4650 vll,
126 4579 166 4638 13
200 4590 294 4651 quam
317 4572 386 4638 Nic.
410 4573 449 4650 Χ,
479 4573 545 4638 sive
574 4568 639 4635 κατ’
670 4569 828 4653 ἐνέργειαν
857 4565 1026 4654 (ὁράσεως,
1054 4573 1216 4656 similium)
1245 4592 1317 4638 esse

1455 3617 1457 3685 Ι
