2968 5064
225 544 403 605 assumere,
436 529 473 587 ut
500 524 677 604 propositio
707 523 764 588 illa
792 543 887 605 quam
916 544 1014 605 supra
1041 523 1207 605 posuimus
1234 524 1341 590 minor
1375 543 1453 586 em«

226 631 274 695 Ne
297 630 379 710 plus,
404 627 549 708 equidem
571 627 699 691 minime
722 629 914 696 contendere
933 629 1044 692 dubito
1062 629 1268 693 Aristotelem
1292 627 1323 692 in
1340 627 1409 690 hac

227 734 422 797 mentatione
437 749 501 796 non
517 731 611 796 aliter
626 735 723 810 atque
738 731 771 794 in
786 733 893 811 priore
908 733 1107 812 voluptatem
1123 728 1283 812 ἐνέργειαν
1301 731 1456 822 intellexi

228 839 453 918 praeterquam
468 835 554 915 quod
569 834 602 897 id
616 833 661 898 ibi
676 834 756 915 ipsis
771 835 877 900 verbis
894 836 1050 915 exprimit,
1067 834 1117 898 hio
1133 853 1206 898 non,
1246 835 1345 913 Atqui
1372 830 1457 1000 λιοοὴ

227 941 261 1002 in
283 957 345 1020 quo
368 939 539 1020 praecipue
561 936 622 1000 riri
644 936 729 1000 docti
753 936 968 1016 offenderunt,
993 938 1079 1017 quod
1100 939 1134 1001 iu
1156 935 1225 1000 VII.
1249 936 1333 999 libro
1367 936 1451 1014 volq

228 1039 368 1125 ἐνέργεια
392 1041 589 1123 appellatur,
612 1040 644 1103 in
667 1040 705 1104 X.
728 1059 793 1106 non
813 1041 898 1106 item.
943 1043 1143 1122 Quamquam
1171 1040 1221 1104 lac
1248 1041 1281 1104 id
1310 1025 1458 1130 obstandi

228 1146 289 1210 hoo
312 1145 439 1226 quidem
463 1148 652 1225 argumento
676 1162 739 1208 non
760 1145 824 1208 iam
845 1145 940 1225 plane
963 1145 1134 1210 sustulisse
1156 1164 1207 1208 me
1229 1142 1347 1221 videri,
1376 1148 1458 1208 attan

229 1248 367 1315 labefeci
390 1254 422 1312 et
444 1254 559 1329 postea
581 1248 613 1310 in
636 1249 769 1313 eandem
790 1267 859 1313 rem
881 1249 1022 1330 penitius
1047 1249 1251 1328 inquiremus.
1458 1213 1459 1308 λ

333 1380 422 1457 Quae
437 1379 551 1460 capitis
567 1379 659 1443 huius
677 1385 850 1460 supersunt
866 1380 1167 1462 (1174219-1‘14)
1190 1379 1224 1442 in
1244 1395 1411 1458 praesens
1425 1377 1457 1438 mi

231 1483 375 1547 facimus
421 1482 522 1560 Quale
544 1483 595 1547 vel
619 1482 694 1563 quid
717 1483 760 1546 sit
779 1483 930 1563 voluptas
946 1501 1102 1564 quaerere
1117 1481 1224 1563 pergit
1239 1481 1460 1544 Aristoteles}

230 1607 262 1668 p.
290 1593 373 1654 1174
384 1586 444 1681 bl4
466 1618 511 1634 ·-
532 1607 561 1651 v,
586 1594 636 1652 23.

320 1712 511 1799 Αίσθὴσεως
530 1713 563 1779 δέ
579 1712 682 1800 πάσης
704 1712 785 1798 πρὸς
807 1714 843 1780 τά
867 1713 1022 1800 αἰσθητὸν
1045 1713 1245 1798 ἐνεργούσης,
1267 1713 1403 1787 τελείως
1420 1709 1461 1773 δὲ4

233 1809 269 1885 εὖ
293 1817 489 1903 διακειμένης
504 1820 585 1900 πρὸς
599 1815 635 1883 τό
657 1817 826 1886 κάλλιστον
841 1824 908 1885 τῶν
929 1815 995 1884 ὑπὸ
1017 1821 1077 1903 τὴν
1099 1820 1263 1901 αἴσθησιν·
1286 1819 1447 1881 τοιοῦτον

233 1919 358 2006 μάλιστ’
382 1918 463 1988 εἶναι
490 1918 617 2008 δοκεῖὴ
640 1927 741 1989 τελεία
764 1922 915 2014 ἐνέργεια·
945 1921 1047 2007 αὐτὴν
1074 1921 1109 1988 δὲ
1137 1919 1237 2004 λέγειν
1260 1918 1417 2002 ἐνεργεῖν,
1449 1913 1458 1996 ἡ

235 2016 359 2115 ᾧεέστί,
383 2025 488 2112 μηδὲν
511 2025 700 2110 διαφερέτω’
728 2019 800 2093 ταδ’
829 2026 963 2093 ἕκαστον
990 2026 1025 2092 δὲ
1052 2030 1193 2110 βελτίστη
1223 2024 1307 2089 ἐστὶν
1334 2019 1357 2106 ἡ
1386 2019 1459 2100 ἐνέρ

234 2133 294 2196 τοῦ
316 2128 429 2213 άριστα
450 2127 649 2214 διακειμένου
672 2129 754 2214 πρὸς
774 2137 811 2196 τό
833 2128 1002 2214 κράτιστον
1024 2135 1090 2197 τῶν
1112 2126 1169 2213 ὑφ’
1192 2126 1310 2213 αδτὴν·
1335 2127 1426 2209 αὕτη
1442 2123 1459 2188 δ’

233 2232 409 2317 τελειοτάτη
438 2236 485 2318 είη
513 2235 566 2299 καὶ
598 2230 724 2319 ἡδίστη·
759 2235 840 2300 κατά
874 2239 996 2328 πᾶσαν
1015 2239 1076 2318 γάρ
1113 2235 1264 2321 αἴσθησίν
1293 2231 1383 2298 ἐστιν
1413 2227 1462 2313 ἡδο

234 2333 355 2420 ὁμοίως
371 2336 412 2402 δὲ
434 2338 488 2402 καὶ
510 2336 655 2403 διάνοιαν
678 2338 731 2403 καί
752 2341 903 2422 θεωρίαν,
927 2335 1039 2424 ἡδίστη
1062 2337 1088 2404 δ’
1103 2334 1123 2422 ἡ
1139 2337 1325 2420 τελεωτάτη,
1341 2341 1465 2460 τελειοτὴ

234 2438 262 2506 δ’
285 2434 304 2525 ἡ
329 2444 389 2505 τοῦ
411 2432 448 2506 εὖ
471 2439 598 2524 ἔχοντος
621 2447 701 2523 πρὸς
723 2445 759 2508 τὸ
783 2443 1038 2509 σπουδαιότατον
1061 2447 1127 2508 τῶν
1149 2439 1205 2526 ὑφ’
1230 2436 1343 2524 αὑτήν.

337 2571 381 2636 Ut
404 2590 501 2651 supra
523 2592 543 2636 a
565 2575 704 2638 muneris
728 2574 888 2640 functione
912 2569 1056 2655 ὁράσεως
1080 2572 1215 2655 exempli
1238 2574 1319 2648 loco,
1343 2571 1395 2634 sio
1419 2567 1461 2630 hir

236 2671 425 2758 αἰσθήσεως,
454 2694 536 2755 ροσε
564 2677 652 2740 illam
680 2679 835 2758 continet,
872 2680 950 2744 item
983 2699 1042 2762 pro
1071 2679 1216 2759 exemplo
1245 2674 1420 2757 ἐνεργειῶν
1449 2687 1466 2748 p

236 2776 397 2855 ficiscitur,
421 2797 516 2858 quam
538 2780 579 2843 ob
602 2799 671 2844 rem
692 2787 807 2862 postea
829 2782 870 2847 ad
893 2780 1053 2864 ἐνέργειαν
1075 2783 1200 2847 transit.
1245 2779 1427 2858 Postquam
1444 2791 1466 2852 qr

228 2881 381 2964 ‘perlecta
403 2890 436 2946 et
457 2881 691 2963 perfectissima
713 2887 875 2967 perceptio
898 2887 948 2951 vel
971 2887 1110 2953 muneris
1134 2885 1254 2950 functio
1283 2884 1325 2948 sit
1353 2896 1466 2962 praem

238 2986 435 3066 eandemque
459 2987 679 3051 suavissimam
703 3007 774 3053 esse
798 2990 885 3069 dixit,
915 2991 1019 3073 pergit
1044 2988 1124 3055 κατὰ
1154 2992 1259 3054 πᾶσαν
1285 2985 1347 3070 γάρ
1374 2987 1465 3060 aloen

238 3087 321 3153 ἐστιν
348 3083 449 3172 ἡδονὴ
478 3108 505 3154 e.
535 3108 564 3170 q.
595 3109 618 3156 s.
667 3093 778 3172 Neque
806 3113 882 3158 vero
911 3113 1037 3158 omnem
1072 3092 1230 3177 ἐνέργειαν
1263 3090 1464 3156 consecutiou

239 3191 354 3256 afferre
377 3192 551 3273 voluptatis
578 3195 673 3260 modo
701 3196 839 3276 intelligi
862 3197 939 3276 vult,
969 3199 1027 3262 sed
1055 3200 1153 3263 etiam
1176 3215 1301 3261 omnem
1324 3195 1466 3274 voluptat

239 3295 273 3358 in
295 3295 496 3359 successione
519 3296 652 3362 alieuius
675 3296 832 3382 ἐνεργείας
848 3319 927 3379 esse,
952 3320 1054 3383 neque
1071 3303 1154 3366 enim
1170 3301 1235 3365 alia
1250 3317 1371 3379 genera
1397 3289 1466 3360 adli

240 3402 273 3463 et
295 3398 373 3479 ipsis
395 3400 501 3464 verbis
525 3401 614 3481 ponit
632 3408 736 3469 1175*ι
755 3411 793 3468 20
819 3401 897 3468 άνεν
912 3428 945 3469 τε
960 3402 1021 3488 γάρ
1045 3403 1201 3488 ἐνεργείας
1216 3399 1256 3467 οὐ
1274 3403 1402 3484 γίνεται
1417 3395 1466 3480 ἡδο

240 3502 310 3566 Nisi
333 3507 439 3566 autem
462 3503 542 3566 κατά
564 3507 671 3569 πᾶσαν
693 3507 844 3590 αἴσθησιν
866 3513 1019 3574 τελείαν
1041 3510 1272 3587 intellegemus
1298 3511 1330 3569 el
1354 3519 1466 3585 argum*

242 3605 373 3669 tationis
397 3624 508 3670 cursus
531 3607 789 3691 interrumpetur,
819 3630 890 3676 cum
917 3617 991 3677 ante
1020 3613 1059 3676 de
1082 3611 1234 3692 perlectis
1262 3603 1466 3689 perceptioni

231 3713 348 3794 'actum
379 3710 429 3786 sit,
457 3729 560 3792 neque
588 3730 658 3777 cum
686 3716 820 3780 veritate
848 3717 1002 3794 concinet,
1039 3723 1095 3782 aut
1128 3715 1267 3780 medium
1300 3731 1399 3793 quem
1421 3710 1464 3771 dir

242 3831 371 3876 sensum
386 3813 561 3895 voluptatis
576 3817 766 3883 vocabulum
780 3819 831 3884 hic
848 3839 962 3886 sonare
980 3822 1149 3885 dicendum
1164 3819 1233 3885 erit.
1273 3814 1373 3880 Simul
1392 3829 1466 3896 appa

244 3916 331 3980 aliud
360 3935 460 3998 genus
487 3919 690 3996 perfectionis
713 3941 750 3988 ac
779 3942 875 4005 supra
905 3927 970 4006 agi,
999 3925 1082 3990 illud
1114 3925 1203 4006 prius
1236 3921 1297 3984 fuit
1328 3915 1397 3982 κατ’
1436 3911 1466 3979 ελ

245 4020 306 4084 hoc
334 4017 400 4084 κατ’
424 4017 553 4105 άρετὴν;
581 4018 646 4087 κατ’
675 4019 757 4101 εἶδος
786 4028 889 4092 omnis
917 4026 1055 4111 ἐνέργεια
1081 4027 1224 4109 perfecta
1253 4027 1302 4087 est
1335 4041 1466 4086 omneun

245 4125 391 4203 sequitur
417 4121 518 4209 ἡδονὴ
544 4128 595 4191 vel
624 4124 719 4212 λύπη,
743 4127 815 4195 κατ’
840 4128 956 4216 άρετὴν
978 4151 1043 4196 non
1067 4131 1177 4207 omnis
1207 4145 1288 4210 quae
1311 4131 1422 4191 autem
1445 4131 1466 4186 ln

245 4233 328 4308 sunt,
352 4247 405 4293 eas
429 4222 530 4314 ἡδονὴ
554 4233 706 4312 sequitur.

348 4359 426 4424 Cum
454 4367 561 4427 autem
586 4365 760 4447 voluptatis
788 4370 1021 4434 successionem
1050 4367 1143 4432 adert
1171 4372 1203 4430 et
1231 4365 1378 4447 αἴσθησις
1408 4359 1466 4427 etl

245 4483 319 4525 νοια
341 4471 374 4526 et
395 4467 525 4549 θεωρία,
549 4470 712 4534 extribus
736 4472 849 4536 animis
872 4474 913 4538 ab
937 4473 1111 4538 Aristotele
1133 4472 1326 4551 distinctis8)
1356 4473 1464 4552 coujun

246 4570 297 4629 est
321 4584 391 4630 eum
415 4571 572 4636 sentiente
581 4577 607 4648 ⁹)
631 4578 663 4637 et
686 4577 855 4656 cogitante,
881 4578 1036 4644 abhorret
1059 4601 1078 4646 a
1101 4583 1263 4648 nutriente
1278 4586 1328 4649 vel
1343 4597 1466 4670 vegetat
