2968 5064
807 302 850 365 20

186 512 339 596 distingui
367 531 429 578 non
458 518 566 592 potest
588 513 760 581 distinctio.
807 519 856 582 An
879 535 953 585 vero
977 513 1059 579 hanc
1080 513 1236 580 incuriam
1262 516 1410 580 omissae
1432 525 1456 579 at

186 617 372 682 tributionis
405 616 508 682 minus
540 618 699 697 patiemur
733 639 827 700 quam
860 619 949 684 illam
986 618 1215 682 dissensionem
1251 619 1465 683 insociabilem

185 721 493 804 repugnantiamque
515 723 744 802 praeruptam?
767 724 839 789 Hoc
861 722 982 798 vitium,
1005 739 1069 786 non
1085 722 1155 785 dico
1179 721 1259 798 leve,
1284 724 1363 802 plus
1383 725 1464 787 send

185 825 217 889 in
241 825 353 889 ethicis
382 843 480 905 supra
506 826 692 904 invenimus
717 828 797 892 satis
821 832 928 892 tamen
958 826 1000 889 sit
1028 824 1232 889 admonuisse
1255 826 1296 889 de
1318 827 1389 890 hac
1413 829 1466 907 ipsi

186 947 265 993 voce
287 931 410 992 τελείου
434 929 552 994 omissa
574 931 707 1010 propria
731 927 877 1012 αἰσθήσει
901 930 967 994 sive
986 925 1051 992 κατ’
1076 923 1159 1002 εἶδος
1182 929 1249 992 sive
1272 926 1343 994 κατ’
1364 927 1462 1012 cipite

186 1033 305 1110 subest,
334 1032 413 1096 illud
435 1031 561 1096 videtur
588 1052 720 1112 prorsus
749 1033 987 1098 intolerandum
1010 1051 1091 1096 esse.
1136 1032 1173 1095 ld
1202 1033 1308 1112 ipsum
1333 1035 1459 1097 verosi

120 1141 121 1150 ’
185 1137 349 1217 popularis
366 1135 520 1200 orationis
533 1137 795 1217 specialitatibus,
809 1144 976 1218 quaesunt
989 1136 1090 1216 magis
1105 1137 1286 1215 elegantiae
1300 1137 1462 1200 doctrina·

187 1239 342 1321 neglectis
366 1239 444 1303 satis
460 1225 579 1304 habere
596 1259 714 1320 genera
737 1241 930 1306 distinxisse.
962 1240 1044 1304 Huic
1060 1246 1189 1304 nostrae
1206 1243 1394 1307 sententiae
1412 1261 1460 1306 con

188 1345 375 1408 sentaneum
393 1347 442 1406 est
458 1339 564 1418 πάθος
580 1362 714 1424 quoque,
731 1348 767 1406 ut
782 1344 927 1422 vidimus,
944 1343 1142 1423 voluptatem
1154 1345 1272 1422 vocari,
1289 1347 1459 1426 numphin

188 1447 306 1528 sophus
319 1449 388 1528 ipse
401 1447 478 1512 dicit
490 1447 529 1512 de
545 1449 650 1518 anima
662 1447 702 1526 II,
717 1457 735 1514 5
748 1469 779 1529 p.
793 1455 879 1514 417⁸
900 1457 939 1514 14
953 1445 1154 1529 πρῶτονμὲν
1167 1435 1228 1510 οὖν
1242 1443 1287 1522 ὥς
1298 1453 1365 1512 τοῦ
1379 1447 1466 1512 αὐτα·

188 1549 282 1626 ὄντος
303 1556 363 1616 τοῦ
386 1549 517 1633 πάσχειν
539 1551 667 1615 καὶτοῦ
690 1559 846 1618 κινεῖσθαι
868 1552 922 1617 καὶ
943 1554 1003 1616 τοῦ
1027 1548 1164 1634 ἐνεργεῖν
1187 1549 1339 1637 λέγωμεν,
1369 1562 1463 1618 contu

187 1655 271 1734 quod
296 1651 466 1720 ἀλλοίωσιν
490 1643 559 1718 earn
582 1674 652 1719 esse
677 1673 740 1719 non
757 1657 834 1735 vult,
858 1656 935 1720 licet
957 1657 1081 1720 oriatur
1100 1676 1158 1736 per
1181 1655 1419 1738 ἀλλοίωσινῧό),
1442 1660 1464 1719 ai

186 1758 220 1822 id
241 1761 389 1839 pertinet,
412 1760 498 1840 quod
520 1778 583 1823 non
607 1765 656 1823 est
678 1763 802 1843 κίνησις
825 1756 944 1843 ἀτελής,
967 1779 1073 1840 neque
1094 1761 1199 1825 minus
1222 1779 1298 1825 cave
1322 1781 1366 1826 ex
1391 1762 1464 1842 phys

187 1879 274 1928 ausc.
298 1863 367 1942 VH,
391 1871 411 1929 3
434 1883 461 1943 p.
486 1869 658 1942 14111914)
683 1864 815 1944 colligas
838 1865 966 1945 κίνησιν
990 1882 1060 1928 eam
1084 1864 1249 1944 appellari,
1271 1870 1309 1928 ut
1330 1866 1465 1946 profiter

188 1985 339 2046 cogamur
360 1969 465 2031 locum
489 1968 634 2043 alterurn,
659 1986 720 2049 quo
744 1969 869 2050 κίνησις
890 1968 1038 2047 voluptas
1068 1967 1204 2044 dicatur,
1240 1968 1396 2047 proferre
1425 1987 1466 2031 un

190 2089 254 2134 non
277 2089 381 2151 posse.
427 2071 553 2147 Quare
576 2091 637 2135 non
661 2069 875 2136 labefactatur
899 2071 1002 2134 oratic
1026 2076 1144 2134 nostra.

291 2175 340 2238 De
362 2169 584 2248 καταστάσεως
606 2175 732 2238 nomine
755 2171 839 2237 inira
861 2173 1049 2239 videbimus.

458 2364 492 2428 C.
537 2364 592 2427 De
614 2363 717 2427 locis
742 2362 975 2442 quibusdam
998 2363 1206 2444 dispersis.

295 2485 484 2565 Priusquam
512 2485 552 2550 ad
578 2478 706 2549 tertiam
733 2484 940 2565 expositionis
966 2490 1096 2550 nostrae
1122 2491 1246 2566 partem
1274 2492 1463 2552 transeam<

191 2589 231 2652 ad
254 2589 324 2653 Vll.
347 2589 421 2654 iibri
448 2575 630 2654 ethicorum¹
653 2589 926 2654 commentationis
956 2607 1026 2654 cum
1056 2590 1180 2656 duabus
1209 2591 1325 2656 ceteris
1351 2587 1462 2668 conspi·

191 2693 348 2757 rationem
383 2693 513 2773 eiusque
551 2693 705 2773 originem
740 2692 963 2770 Aristoteleam
1005 2693 1226 2773 evincendam,
1271 2695 1356 2760 alios
1396 2696 1465 2758 locos

193 2796 484 2877 circumspiciamus
501 2799 641 2878 exceptis
661 2798 854 2879 suspiciosis,
879 2799 994 2878 quibus
1018 2802 1051 2862 et
1068 2804 1157 2862 recte
1173 2817 1231 2862 nos
1246 2799 1466 2880 interpretato:

192 2919 263 2964 csse
286 2902 357 2965 illas
381 2901 460 2966 duas
484 2902 737 2966 demonstremus
760 2906 968 2982 nostramque
985 2901 1176 2965 sententiam
1200 2900 1427 2966 confirmemus
1447 2921 1457 2958 r

191 3023 274 3068 nova
304 3004 330 3068 si
359 3023 421 3085 qua
449 3010 618 3068 occurrant
641 3005 816 3085 voluptatis
839 3003 1074 3071 adumbrationi
1090 3006 1252 3071 addamus.
1298 3005 1356 3070 Sin
1375 3010 1460 3069 auten

194 3108 269 3188 quid
291 3108 484 3187 repugnabit
505 3109 555 3171 uel
577 3125 758 3187 repugnare
781 3108 942 3172 videbitur
972 3110 1160 3184 sententiae,
1189 3108 1349 3189 quomodo
1377 3107 1465 3175 adhuc

193 3215 259 3275 stat
281 3211 374 3275 nobis
398 3210 521 3275 duobus
544 3211 763 3275 tautummodo
786 3211 850 3275 illis
873 3212 953 3276 locis
977 3213 1053 3290 usis,
1077 3233 1117 3278 ne
1140 3215 1173 3278 id
1198 3212 1326 3293 quidem
1351 3209 1463 3278 silenti·

193 3315 449 3394 praeteribimus.
487 3314 574 3379 Fieri
596 3316 679 3380 enirn
702 3320 820 3396 potest,
843 3322 879 3380 ut
902 3316 980 3380 alibi
1004 3316 1214 3398 philosophus
1236 3317 1338 3396 magis
1363 3337 1382 3382 e
1405 3329 1464 3378 reu

194 3418 354 3484 sententia
383 3418 477 3496 dicat,
507 3436 600 3497 quam
626 3419 658 3482 in
689 3420 800 3483 ethicis
830 3424 862 3482 et
890 3420 1059 3484 rhetoricis
1088 3421 1129 3484 ad
1158 3421 1321 3500 vulgarem
1351 3433 1465 3486 seusun

195 3522 452 3586 accommodatis.
1133 3507 1134 3510 ¹

296 3626 401 3689 Minus
426 3627 467 3690 ad
489 3645 556 3690 rem
578 3625 601 3689 ii
624 3626 816 3707 pertineant,
841 3627 956 3706 quibus
975 3627 1025 3690 vel
1045 3627 1084 3692 de
1107 3645 1231 3714 summa
1252 3627 1428 3707 voluptatis
1444 3623 1466 3685 in

196 3731 318 3809 agendo
343 3732 428 3812 apud
450 3731 595 3794 homines
620 3731 814 3793 auctoritate
837 3731 1000 3812 agitur35),
1030 3731 1081 3795 vel
1104 3731 1143 3793 de
1166 3731 1233 3795 eius
1256 3730 1465 3811 dignitatem.

196 3854 300 3915 neque
323 3836 425 3916 magis
454 3853 508 3899 eos
525 3837 694 3909 curamus,
730 3834 844 3914 quibus
869 3853 1003 3914 quorum
1033 3834 1266 3918 animalinm37)
1299 3839 1357 3898 aut
1392 3834 1464 3899 cuius

198 3939 437 4022 disciplinae³⁸)
461 3939 503 4002 sit
525 3937 702 4018 exponitur.

298 4042 360 4107 Sed
389 4061 450 4106 non
479 4042 590 4122 paucis
618 4040 696 4104 locis
726 4042 822 4104 etiarn
851 4045 999 4104 naturam
1028 4040 1132 4120 ipsam
1154 4041 1330 4122 voluptatis
1354 4041 1461 4124 spectat

196 4145 398 4214 Aristoteles.
935 4131 937 4142 ’
1117 4153 1122 4163 “

298 4249 383 4314 Illud
405 4249 485 4313 κατὰ
506 4251 613 4312 πᾶσαν
636 4247 787 4330 αἴσθησίν
810 4247 894 4314 ἐστιν
918 4245 1018 4332 ἡδονή
1043 4248 1126 4330 (Nic.
1144 4249 1184 4326 X,
1208 4256 1227 4311 3
1249 4267 1279 4329 p.
1299 4251 1464 4320 11141111

197 4359 252 4426 263
270 4361 287 4418 5
303 4371 333 4432 p.
351 4361 456 4418 11761
474 4353 529 4435 26)
545 4352 745 4433 agnoscimus
761 4353 801 4419 de
817 4353 976 4429 animali,
994 4359 1012 4417 2
1029 4373 1059 4433 p.
1075 4353 1162 4419 413b
1180 4359 1236 4430 213
1259 4360 1278 4417 3
1295 4371 1325 4432 p.
1341 4354 1426 4420 414b
1442 4359 1463 4412 12

197 4458 236 4521 de
264 4475 373 4521 somno
399 4467 415 4522 1
439 4476 469 4537 p.
485 4458 572 4523 434b
590 4455 699 4538 29²¹);
728 4456 818 4538 phys.
841 4474 926 4522 ausc.
950 4456 1020 4536 VII,
1044 4464 1063 4520 3
1088 4476 1116 4536 p.
1141 4461 1261 4521 247³?
1286 4453 1395 4522 ἅπασα
1418 4449 1463 4538 γὰρ

197 4557 216 4644 ἡ
241 4557 340 4646 ἠθικὴ
364 4559 459 4645 ἀρετὴ
483 4561 555 4643 περὶ
577 4558 698 4646 ἡδονὰς
719 4560 773 4624 καὶ
801 4559 904 4636 λύπας
926 4557 982 4635 τὰς
1005 4558 1194 4643 σωματικάς,
1225 4547 1319 4625 αὗται
1347 4560 1381 4626 δὲ
1404 4554 1464 4646 ἢέν
