2968 5064
853 323 892 384 16

231 526 347 611 πάθος,
371 549 521 595 sensuum
544 527 670 608 πάθεσι,
693 551 756 614 qua
784 534 855 615 ipsa
884 551 1011 616 quoque
1035 530 1184 614 ἐνέργειαι
1212 534 1291 609 sint,
1321 535 1357 596 in
1387 553 1466 616 corpu

229 635 339 698 anima
362 634 503 697 animato
527 651 586 698 sua
609 653 647 698 ea
670 641 727 700 aut
749 653 821 700 esse
844 640 900 700 aut
922 654 986 700 non
1008 635 1171 700 iudicante
1194 637 1386 704 excitatum.

335 737 426 814 Quae
448 734 532 801 effici
553 737 718 802 videntur:

340 843 490 904 Taletoriv
512 846 571 922 τὴν
593 837 754 924 ἐνέργειαν
781 840 840 924 τήν
862 837 986 926 ἡδονὴν
1009 843 1215 908 Aristotelem
1243 843 1292 908 ita
1325 844 1466 911 dixisset

231 944 380 1026 voluptas
404 947 454 1009 vel
479 946 571 1009 dolor
594 945 636 1009 ad
662 945 857 1010 functionem
885 948 1053 1028 angustius
1079 948 1205 1028 valente
1232 966 1333 1011 sensu
1364 947 1466 1011 accedo

230 1065 302 1110 eam
325 1047 520 1114 functionem
543 1050 640 1113 latius
656 1053 787 1131 patente
805 1049 929 1129 reddat,
953 1069 1034 1133 quae
1053 1053 1182 1132 praeter
1203 1051 1292 1115 illam
1315 1053 1466 1133 voluptate

229 1169 357 1235 quoque
380 1152 429 1217 vel
452 1152 595 1217 dolorem
617 1153 789 1230 contineat,
813 1157 981 1236 utrumque
999 1171 1074 1217 vero
1093 1171 1164 1218 esse
1180 1153 1326 1230 lormam,
1346 1174 1407 1236 per
1421 1171 1466 1236 ριν

230 1254 265 1319 id
281 1257 366 1338 quod
383 1257 487 1320 subsit
502 1256 699 1320 functionum
714 1262 750 1319 ut
766 1255 827 1320 sibi
843 1261 899 1320 aut
918 1257 1171 1320 convenientium
1194 1261 1250 1320 aut
1272 1257 1466 1322 adversantia

230 1360 394 1424 conscium
416 1358 484 1424 fiat.
1227 1411 1228 1416 ,

335 1463 534 1546 Quamquam
556 1482 615 1527 nos
637 1462 730 1527 nobis
752 1481 817 1527 non
839 1467 903 1526 tam
927 1462 961 1527 id
977 1464 1210 1546 proposuimus,
1234 1467 1271 1528 ut
1293 1464 1375 1547 quid
1391 1484 1424 1527 re
1438 1481 1466 1524 m

231 1565 425 1631 Aristoteles
455 1569 654 1649 voluptatem
683 1584 755 1630 esse
788 1567 928 1631 voluerit
962 1571 1156 1645 statuamus,
1190 1573 1226 1632 ut
1253 1587 1294 1631 ne
1322 1570 1360 1632 id
1391 1569 1466 1652 quiin

233 1676 346 1734 nostra
367 1670 502 1733 multum
530 1669 672 1747 intersit,
701 1689 777 1733 num
805 1668 947 1734 definitio
976 1671 1121 1735 omnibus
1148 1671 1295 1753 partibus
1325 1672 1466 1736 absolut!

231 1772 551 1837 commentationibus
573 1773 636 1836 illis
659 1773 763 1836 tribus
786 1772 854 1836 erui
876 1773 988 1855 possit,
1013 1793 1107 1857 quam
1122 1786 1157 1836 ut
1172 1779 1367 1840 concentum
1383 1749 1466 1844 ausui

231 1876 333 1939 ditum
356 1895 464 1940 eorum
487 1877 636 1955 omnium,
669 1894 750 1960 quae
772 1895 793 1938 a
813 1876 1004 1960 philosopho
1027 1896 1140 1960 parum
1162 1877 1383 1956 continenter,
1407 1891 1466 1961 pann

229 1986 267 2043 ut
288 1980 415 2044 videtur
438 1984 623 2043 constanter
647 1977 838 2058 dictasunt,
862 1983 1057 2060 rete'gamuS,
1081 1986 1187 2044 tamen
1211 1982 1385 2047 occasione
1408 1981 1463 2044 ullu

230 2082 336 2148 facere
352 2102 415 2146 non
434 2101 620 2166 possumus,
639 2083 714 2165 quin
731 2083 771 2146 ad
788 2082 960 2166 Grantii³¹)
976 2083 1272 2166 interpretationem
1293 2104 1353 2150 nos
1375 2087 1451 2168 pron

229 2188 383 2251 accedere
411 2188 648 2270 proloquamur,
671 2186 803 2268 Kaas³²l
833 2191 940 2251 autem
967 2205 1031 2250 non
1058 2187 1329 2269 interpretamus,
1363 2189 1454 2253 sedi

227 2289 354 2353 stotelis
392 2291 516 2372 culpam
552 2295 695 2366 accusat,
728 2290 813 2372 quod
840 2291 925 2372 apud
951 2307 1024 2353 eum
1048 2289 1351 2355 determinationem
1381 2291 1464 2355 ratic

228 2392 405 2475 voluptatis
435 2400 468 2457 et
496 2393 595 2469 vitae,
632 2393 716 2474 quod
747 2397 933 2456 concentum
967 2392 1125 2476 quendam
1159 2392 1361 2458 functionum
1392 2394 1455 2457 auin

225 2497 399 2575 desiderat,
424 2497 509 2578 quod
531 2501 668 2573 veretur,
692 2515 731 2562 ne
754 2496 811 2559 das
833 2496 1024 2560 moralische
1047 2495 1238 2574 Lustgefiihl
1268 2495 1316 2561 oft
1343 2498 1405 2560 mit
1427 2498 1451 2560 u

228 2601 339 2665 selben
361 2600 447 2683 (dem
469 2600 717 2680 Lebensgeliihl)
741 2601 779 2666 in¹
796 2598 916 2682 Kampl
936 2594 1077 2679 gerathe.
1124 2599 1186 2663 seo
1216 2599 1305 2664 illam
1332 2597 1465 2678 distincti

225 2724 300 2768 nem
328 2723 391 2788 qua
418 2705 616 2787 voluptatem
652 2705 739 2767 nicht
766 2704 823 2768 das
853 2701 970 2767 Geftihl
1002 2702 1059 2767 des
1088 2701 1413 2768 Lebenslbrdernden
1439 2681 1465 2764 σι’

226 2808 308 2886 vult,
343 2807 496 2872 vielmehr
527 2808 585 2872 das
613 2805 850 2887 Lebensgeitthl
884 2806 999 2886 selbst,
1035 2824 1094 2886 ego
1128 2825 1254 2896 quoquc
1288 2825 1364 2872 cum
1394 2809 1461 2873 Kaa·

225 2916 366 2976 amotam
389 2911 492 2976 velim.

329 3017 451 3092 Restat,
478 3016 568 3080 utin
594 3035 690 3079 uuum
715 3013 914 3079 conferamus
937 3031 989 3078 res
1015 3013 1168 3096 quasdam
1198 3033 1217 3078 a
1242 3013 1335 3078 nobis
1366 3021 1460 3080 tenun

170 3189 172 3194 ,
224 3119 424 3184 sectantibus
449 3121 648 3194 observatae,
672 3120 786 3203 quibus
809 3119 874 3180 nixi
898 3123 930 3182 ct
952 3116 1051 3181 falsas
1075 3117 1114 3180 de
1136 3117 1233 3182 trium
1256 3118 1464 3200 disputationi

224 3226 350 3292 'ratione
375 3226 550 3289 sententias
572 3223 748 3288 refutemus
772 3227 805 3286 et
826 3222 944 3285 rectius
960 3221 1000 3284 de
1016 3239 1053 3284 ea
1067 3226 1194 3284 nosmet
1216 3221 1286 3303 ipsi,
1310 3224 1421 3303 quoad
1440 3219 1464 3296 eiu

221 3330 332 3394 iacere
355 3329 540 3413 poterimus,
564 3327 749 3391 iudicemus.
1156 3345 1158 3354 ι

326 3434 373 3496 Ac
395 3432 532 3512 primum
555 3430 682 3514 quidem
705 3427 892 3493 offendimus
915 3428 948 3490 in
969 3426 1172 3507 neglegentia
1194 3426 1333 3508 quadam
1358 3432 1392 3492 et
1415 3423 1461 3490 ind

219 3536 343 3619 gantis.
388 3536 514 3617 Neque*
529 3536 612 3598 enim
638 3533 786 3615 cuiquam
809 3532 939 3597 dubium
967 3538 1026 3608 est,
1054 3531 1131 3614 quin
1153 3529 1214 3593 nisi
1242 3529 1296 3593 alii
1324 3530 1460 3610 philosop

225 3639 404 3705 'sententiae
432 3637 539 3702 fontes
566 3637 658 3701 nobis
688 3641 809 3715 essent,
836 3637 869 3700 in
898 3637 966 3701 sola
995 3637 1052 3699 illa
1080 3634 1119 3698 X.
1148 3633 1222 3696 libri
1250 3633 1337 3696 iusta
1366 3635 1463 3698 delini

221 3744 319 3808 nobis
346 3743 542 3824 praebeatur
567 3740 667 3817 nulla,
694 3742 778 3804 unde
806 3739 945 3804 efficitur
966 3759 1005 3803 ne
1028 3734 1166 3802 voluisse
1194 3736 1322 3819 quidem
1354 3757 1426 3802 eum
1449 3735 1463 3796 l

223 3845 401 3911 finitionem
427 3843 572 3928 proferre
600 3848 734 3908 teretem
763 3847 858 3925 atque
881 3843 1062 3907 rotundam.
1107 3840 1203 3905 Cuius
1226 3839 1273 3903 rei
1295 3857 1397 3906 causa
1420 3845 1463 3904 ceri

224 3955 275 4014 est
298 3948 451 4012 orationis
475 3947 640 4031 popularis
664 3947 777 4011 modus
800 3947 896 4011 latius
920 3951 1017 4029 atque
1039 3944 1186 4009 hebetius
1209 3941 1345 4006 dicendi.
1387 3945 1460 4008 Eoo

217 4057 348 4137 ‘spectet
371 4052 456 4135 quod
472 4052 600 4132 saepius
616 4070 729 4134 parum
746 4054 894 4115 accurate
910 4049 1088 4129 distinguit,
1112 4047 1228 4111 velutsi
1250 4046 1405 4129 αἴσθησιν
1420 4047 1457 4111 di·

224 4175 296 4220 cum
324 4155 475 4237 αἴσθησιν
498 4157 618 4217 τελείαν
646 4155 780 4236 intelligi
809 4155 894 4233 velit,
925 4159 980 4219 aut
1009 4150 1196 4234 τελειότητα,
1226 4169 1297 4215 cum
1326 4153 1454 4230 τελειότγ

224 4261 292 4324 sive
314 4254 379 4322 κατ’
404 4253 521 4340 ἀρετήν
545 4257 611 4321 sive
637 4255 701 4321 κατ’
727 4253 819 4331 εἶδος,
849 4275 1040 4340 quamquam
1069 4274 1141 4320 eum
1169 4254 1279 4319 fallere
1306 4274 1372 4320 non
1401 4263 1462 4339 potu

223 4361 374 4444 perfacile
397 4381 434 4427 ea
457 4381 492 4424 re
515 4361 669 4425 orationis
692 4361 954 4445 perspicuitatem
979 4360 1086 4438 minui,
1115 4366 1170 4425 aut
1200 4359 1285 4443 quod
1308 4363 1383 4444 plus
1407 4377 1462 4426 suun

214 4466 362 4548 ¹speciem
390 4465 480 4547 ponit
508 4484 565 4547 pru
596 4483 711 4545 genere
739 4464 828 4528 velut
855 4461 967 4545 ὅρασιν
994 4482 1052 4547 pro
1087 4460 1233 4547 αἰσθήσει
1265 4472 1322 4529 aut
1354 4467 1458 4544 αἴσθγσ

216 4587 281 4651 apro
307 4566 446 4654 ἐνεργείᾳ
468 4568 623 4647 neglectis
647 4569 773 4655 διανοίᾳ
795 4573 828 4631 et
849 4569 980 4654 θεωρία,
1011 4571 1067 4631 aut
1089 4568 1174 4652 quod
1197 4569 1316 4648 gradus
1339 4583 1457 4651 corripui·
