2968 5064
646 337 666 398 9

549 425 762 432 Μ

12 566 29 605 ι·
58 565 106 608 re
136 546 300 626 neglecta
321 545 485 610 notionem
508 546 667 626 quandam
690 544 882 626 perfectam,
913 545 963 607 cul
986 544 1185 609 extrinsecus
1209 543 1299 624 quic*

12 665 81 709 am
110 655 246 728 petere
267 666 330 712 uon
354 665 435 729 opus
457 648 514 724 sit,
543 647 743 712 conformare
771 647 941 728 possimus.
987 648 1168 713 Accedente
1199 649 1298 728 igitur

10 771 126 814 nrum
158 750 222 816 illa
244 752 369 816 ratione
391 750 562 815 functionis
584 752 671 816 notio
694 750 780 815 iusta
803 769 841 816 ac
864 769 899 815 re
914 769 990 814 vera
1005 751 1101 831 plena
1116 749 1161 816 fit.

72 855 188 931 Quae
202 854 242 919 de
253 855 450 934 perfectione
462 855 642 933 memoravi,
659 854 711 918 bic
721 873 785 918 uno
799 857 930 934 aspectu
943 854 1059 918 intueri
1071 860 1164 934 potes
1176 853 1299 919 omnia:

8 957 161 1039 luptas
189 959 262 1040 ipsa
289 958 431 1040 perfecta
460 964 510 1022 est
539 955 605 1025 κατ’
636 952 733 1032 εἶδος,
764 957 970 1038 consequitur
997 954 1156 1039 ἐνέργειαν
1183 975 1299 1022 sensus

8 1062 159 1126 ‘ctioris
183 1061 361 1142 perfectam
383 1058 450 1125 καί
474 1057 600 1145 ἀρενήν,
623 1061 729 1127 reddit
750 1080 821 1126 eam
838 1061 993 1126 accedens
1009 1058 1168 1142 ἐνέργειαν
1184 1079 1300 1126 sensus

5 1165 180 1244 nplioris
203 1164 380 1246 perfectam
402 1161 467 1228 κατ’
492 1159 584 1239 εἶδος.

103 1270 165 1332 De
188 1271 295 1354 ιείείῳ
320 1274 428 1332 actum
451 1274 511 1348 cst,
534 1270 574 1334 de
596 1275 699 1333 ποιεῖν
722 1270 888 1350 agendum.

105 1371 234 1438 Tribus
257 1371 518 1437 similitudinibus
534 1373 727 1438 Aristoteles
750 1372 914 1436 contendit
939 1371 1123 1437 describere
1145 1371 1300 1451 quemad-

5 1476 143 1540 nodum
166 1477 316 1557 voluptas
338 1474 426 1539 illam
453 1475 683 1555 perfectionem
712 1474 828 1542 afferat
857 1483 913 1539 aut
942 1475 1210 1554 quemadmodum
1232 1493 1297 1538 non

5 1579 138 1647 iterat.
200 1579 341 1656 Quarum
376 1581 480 1660 prima
515 1579 706 1644 mirabiliter
741 1596 885 1660 pugnare
917 1578 1047 1642 videtur
1085 1596 1156 1642 cum
1184 1579 1298 1643 altera.

11 1690 256 1764 spernaturue
277 1688 450 1764 utrumque
473 1685 691 1764 philosophus
716 1690 748 1748 et
764 1679 886 1766 ὑγιείας
902 1689 934 1764 et
951 1683 1087 1763 torpori?
1117 1683 1152 1746 Id
1170 1683 1297 1762 quidem

5 1788 192 1851 rbitratur
213 1787 391 1851 Ramsauer
422 1805 526 1866 neque
558 1785 725 1867 quicquam
758 1787 845 1852 aliud
877 1806 950 1853 eum
977 1801 1073 1867 agere
1100 1791 1206 1866 putat,
1236 1787 1299 1849 nisi

5 1897 25 1954 t
54 1892 211 1971 primum
233 1892 359 1957 diversa
384 1909 551 1956 causarum
569 1910 688 1972 genera
704 1909 775 1956 esse
793 1897 938 1970 moneat,
963 1909 1025 1972 quo
1046 1889 1200 1955 insulsius
1219 1890 1299 1954 nihil

4 2013 73 2058 sse
102 2001 226 2075 potest,
249 1996 363 2061 deinde
386 1999 422 2059 νὸ
445 1991 524 2059 ὅθεν
547 1991 566 2077 ἡ
589 1997 714 2076 κίνησις
742 1995 856 2059 saltem
880 1999 913 2058 et
935 2013 1062 2060 omnem
1077 2012 1206 2078 causam
1229 1991 1298 2058 effi-

5 2101 150 2162 ientem
174 2119 193 2162 a
216 2099 391 2164 ministerio
422 2101 478 2181 τῆς
510 2093 631 2182 ἡδονῆς
662 2100 816 2164 secludat.
871 2102 914 2164 At
936 2099 1015 2164 haec
1043 2104 1093 2163 est
1120 2098 1181 2162 viri
1210 2097 1297 2162 docti

4 2203 115 2266 uiua.
164 2201 271 2266 Verba
292 2203 365 2284 ipsa
386 2202 510 2266 nullum
527 2202 624 2268 alium
640 2220 769 2266 sensum
784 2191 951 2284 patiuntur
966 2210 1063 2284 atque
1079 2202 1197 2283 opponi
1212 2202 1299 2265 inter

5 2325 28 2370 e
59 2307 130 2390 τὴν
152 2299 279 2387 ὑγίειαν
302 2313 334 2370 et
356 2302 413 2370 ιόν
435 2303 554 2387 ίαιρόν,
578 2310 615 2370 ut
636 2308 675 2391 ιγ
697 2300 803 2391 ἡδονῇ
826 2314 1008 2387 opponatur
1029 2325 1093 2370 uon
1115 2309 1298 2385 utrumque,

5 2409 57 2472 ed
89 2410 230 2474 alterum
252 2410 483 2486 tantummodo,
506 2409 644 2473 alterum
667 2415 832 2489 aequetur.
866 2409 1031 2487 Quodcum
1047 2414 1162 2490 postca
1186 2415 1226 2488 (v.
1242 2411 1299 2490 32)

4 2509 11 2592 γ
33 2510 109 2590 ἐξις
125 2509 354 2596 ἐνυπάρχουσα
368 2513 541 2590 reficiatur,
562 2512 755 2592 relinquitur
768 2518 804 2576 ut
819 2515 999 2595 exemplum
1014 2519 1125 2595 aptum
1142 2509 1160 2578 ὁ
1177 2511 1296 2592 ίαιρὸς.

2 2617 99 2692 luae
121 2616 208 2680 ratio
231 2622 369 2687 constat.
414 2615 478 2681 Cur
501 2617 585 2681 enim
607 2617 756 2696 voluptas
779 2623 812 2681 et
833 2617 976 2683 medicus
1004 2618 1145 2699 aliquam
1169 2636 1298 2697 compa-

5 2720 171 2786 'atiouem
198 2720 353 2799 habeant,
383 2740 446 2784 non
476 2731 526 2784 cst
555 2720 639 2800 quod
668 2720 719 2783 hic
747 2739 844 2785 causa
866 2720 1008 2786 efficiens
1032 2741 1128 2802 quam
1152 2722 1297 2798 dicimus,

4 2825 62 2888 ved
90 2825 180 2905 quod
203 2831 314 2890 extera
335 2825 458 2906 percipi
479 2829 597 2904 potest,
620 2833 657 2888 ut
680 2830 712 2889 et
734 2843 773 2890 en
795 2825 956 2890 contrario
972 2826 1078 2890 elucet
1093 2830 1126 2890 et
1141 2834 1183 2890 ex'
1198 2825 1299 2890 verbo

5 2925 241 3011 ἐπιγίγνεσθαι.

116 3032 211 3109 Quod
243 3031 376 3096 verbum
410 3028 627 3112 ἐπιγίγνεσθαι
658 3031 737 3096 duas
766 3032 969 3112 quaestiones
997 3037 1119 3111 movet,
1148 3032 1297 3109 alteram,

4 3137 97 3200 unde
121 3133 348 3218 proficiscatur
369 3136 529 3215 voluptas,
552 3139 590 3196 ut
611 3133 655 3196 ita
677 3135 796 3214 dicam,
821 3155 892 3200 cum
915 3137 956 3200 ad
977 3135 1038 3219 τὴν
1061 3133 1219 3217 ἐνέργειαν
1242 3153 1296 3197 ac·

2 3241 122 3316 cedat,
157 3239 308 3317 alteram,
342 3256 423 3319 quae
457 3237 540 3301 ratio
570 3257 609 3301 ea
638 3238 693 3316 sit,
726 3257 809 3318 quae
836 3239 922 3306 inter
951 3241 1150 3320 voluptatem
1178 3244 1211 3304 et
1237 3235 1298 3321 τὴν

4 3339 175 3424 ἐνέργειαν
198 3347 305 3406 exstet
327 3360 383 3405 cur
405 3342 462 3405 illa
484 3341 568 3404 banc
591 3359 718 3420 semper
742 3349 967 3422 consequatur.

114 3446 225 3525 Recte,
249 3447 277 3511 si
299 3447 359 3512 diis
382 3447 497 3527 placet,
522 3463 592 3510 sese
614 3445 818 3526 habentibus,
842 3464 923 3527 quae
942 3465 1041 3532 supra
1056 3446 1296 3527 explicavimus

6 3551 174 3615 sustinere
196 3569 251 3616 eas
273 3570 334 3616 nos
355 3569 452 3632 posse
474 3550 583 3614 licebit
607 3568 747 3630 sperare.

117 3655 163 3717 Ac
185 3654 321 3734 primum
343 3655 472 3734 quidem
488 3654 590 3718 solum
608 3653 709 3733 quasi,
731 3653 817 3717 uude
831 3654 980 3734 voluptas
996 3653 1127 3719 dolorve
1143 3655 1296 3731 exoritur,

8 3758 286 3838 quotienscunque
309 3758 416 3823 anima
443 3757 525 3822 bene
553 3757 635 3838 egit,
664 3757 780 3836 ubique
802 3761 839 3819 ut
861 3755 999 3822 facultas
1023 3757 1166 3838 quiescit,
1190 3759 1296 3838 quoad

4 3877 44 3928 ,ec
66 3863 140 3944 ipsa
163 3861 256 3941 quasi
277 3867 466 3942 experrecta
488 3863 564 3942 agit,
588 3861 663 3942 quid
684 3861 771 3924 aliud
794 3878 866 3927 esse
887 3867 995 3940 potest
1013 3868 1109 3940 atque
1124 3861 1230 3926 anima
1244 3862 1296 3926 vel

3 3962 183 4047 ἐντελέχεια
208 3957 363 4047 ἡπρώτη
394 3966 541 4047 σώματος
568 3966 711 4048 φυσικοῦ
740 3961 931 4047 ὀργανικοῦ,
963 3985 1045 4047 quae
1074 3966 1104 4030 ci
1127 3983 1228 4045 aeque
1257 3983 1296 4029 ac

9 4067 229 4154 functionibus
253 4069 387 4134 subest?
430 4070 554 4135 Deinde
577 4070 674 4135 etiam
698 4069 761 4133 alia
783 4069 985 4134 necessitudo
1012 4068 1097 4133 inter
1119 4086 1175 4134 eas
1196 4068 1296 4133 inter-

14 4173 110 4238 cedat
130 4189 262 4238 necesse
285 4179 345 4251 cst,
369 4192 432 4254 qua
455 4172 628 4253 efficiatur,
651 4183 688 4237 ut
712 4193 784 4238 cum
806 4170 945 4255 ἐνέργεια
966 4174 1067 4237 τελεία
1088 4169 1155 4237 κατ’
1179 4168 1296 4254 ἀρετὴν

15 4280 62 4353 sit,
85 4276 245 4356 voluptas
269 4276 431 4354 siminus,
455 4277 547 4341 dolor
568 4296 607 4342 ex
630 4279 737 4343 anima
759 4277 935 4356 cooriatur,
959 4276 1151 4340 alterutrum
1174 4276 1295 4355 utique.

16 4379 159 4444 fortuito
183 4378 267 4444 enim
288 4380 355 4445 tale
377 4381 454 4460 quid
477 4380 621 4447 accidere
644 4381 732 4446 credi
753 4401 819 4446 uon
840 4385 958 4462 potest.
995 4380 1054 4444 Vel
1076 4399 1115 4444 cx
1137 4380 1198 4444 hac
1222 4397 1296 4443 cou-

3 4485 134 4550 stantia
155 4483 319 4548 societatis
343 4483 515 4549 coniecerit
545 4485 702 4564 quispiam
731 4486 867 4549 alteram
896 4483 1030 4549 alterius
1060 4502 1189 4550 causam
1213 4501 1296 4562 esse,

3 4588 174 4654 'iunctione
206 4585 241 4652 in
274 4586 380 4652 anima
407 4589 605 4670 voluptatem
634 4589 776 4654 excitari.
826 4589 981 4654 Fortasse
1009 4606 1084 4652 vero
1114 4583 1231 4653 clarius
1259 4591 1296 4650 ut
