2968 5064
812 333 853 394 14
894 341 896 346 ·

186 537 371 613 (delendum
394 537 457 620 est)
480 534 546 602 κατ’
571 535 740 622 ἐνέργειαν,
769 561 874 628 neque
897 559 948 608 mo
973 541 1056 624 lugit
1070 541 1139 609 Nic.
1156 542 1194 619 X,
1219 549 1236 607 5
1257 562 1288 623 p.
1314 545 1423 610 lllob
1442 553 1466 608 32

187 637 373 723 οἰκειότεραι
400 638 434 706 δὲ
461 647 530 718 ταῖς
558 639 728 727 ἐνεργείαις
755 646 790 709 αἱ
811 643 845 710 ἐν
872 642 985 721 αὐταῖς
1014 640 1131 729 ἡδοναὶ
1152 653 1219 708 τῶν
1246 642 1403 727 ὀρέξεων·
1450 651 1475 710 αι’

187 742 246 826 μὲν
268 745 330 828 γὰρ
354 742 558 828 ὃιωρισμέναι
576 747 635 811 sici
656 747 711 812 καὶ
725 753 792 824 τοῖς
806 747 933 832 χρόνοις
955 749 1010 814 καὶ
1026 753 1066 835 τῇ
1085 745 1190 831 φύσει,
1213 749 1248 813 od
1261 747 1295 814 δὲ
1318 747 1473 833 σύνεγγιι

188 853 257 924 cca
287 847 469 932 ἐνεργείαιςέ
502 852 558 936 qui
583 855 729 933 tempore
761 853 864 918 altera
887 841 927 918 ab
956 855 1059 918 altera
1095 851 1231 932 differat,
1268 854 1392 920 dictum
1427 875 1465 918 es

183 956 318 1019 naturae
342 954 521 1020 differentia
544 957 585 1019 ad
607 956 694 1020 illam
717 957 842 1021 consilii
865 958 1081 1022 accessionem
1097 961 1232 1036 spectet.
1273 958 1372 1023 Unde
1395 959 1467 1024 illul

185 1050 234 1132 οἷς
255 1051 276 1141 ἡ
299 1051 405 1142 ἡδονή
433 1081 466 1122 τε
493 1058 546 1124 καὶ
574 1057 660 1143 λύπη
687 1054 832 1142 ὑπάρχει,
861 1060 914 1126 καὶ
941 1056 962 1145 ἡ
987 1058 1141 1143 ἐπιθυμία
1170 1059 1225 1146 (de
1248 1063 1359 1128 anima
1382 1064 1430 1141 II,
1456 1078 1468 1122 :l

184 1179 216 1240 p.
239 1162 380 1240 414b1;
405 1163 448 1245 5).
491 1163 616 1244 Nempe
643 1168 694 1228 est
717 1164 875 1245 cupiditas
903 1164 1076 1253 voluptatis
1105 1183 1215 1244 genus.
1260 1165 1354 1243 qnod
1378 1167 1412 1230 si
1437 1167 1466 1230 ic

185 1269 251 1343 est,
284 1282 388 1328 nonne
417 1265 578 1330 conclusio
608 1267 721 1331 eodem
751 1285 854 1348 paene
881 1267 1066 1345 revolvitur,
1100 1269 1184 1334 unde
1217 1269 1365 1350 profecta
1402 1287 1467 1336 est:

186 1367 348 1444 Quantum
372 1370 456 1434 enim
479 1371 565 1453 quod
588 1368 726 1435 allicitur
748 1371 850 1450 abest,
875 1371 951 1454 quin
967 1371 1009 1435 sit
1024 1371 1063 1435 de
1085 1370 1252 1456 voluptate
1267 1373 1466 1457 voluptatem

184 1473 318 1536 sentiri?
369 1471 433 1538 Sed
468 1471 568 1538 habet
600 1473 745 1559 profecto
774 1476 850 1558 quid
881 1475 960 1540 velit
991 1473 1208 1560 philosophus.
1262 1478 1380 1541 Annon
1418 1480 1461 1542 lm

186 1575 430 1658 quaestiuncula
451 1576 485 1640 id
507 1577 638 1657 nitatur,
667 1583 704 1642 ut
732 1597 804 1643 eam
826 1583 935 1642 notam
958 1579 1101 1664 rimetur,
1130 1599 1192 1663 qua
1214 1575 1234 1662 ἡ
1257 1574 1362 1664 ἡδονὴ
1387 1576 1463 1664 ἡδιι

186 1678 238 1759 sit,
262 1698 326 1762 qua
347 1680 496 1764 voluptas
520 1699 559 1745 ex
581 1681 726 1746 omnibus
749 1681 966 1748 functionibus
981 1683 1155 1768 voluptas?
1191 1684 1332 1749 Videsne
1358 1698 1458 1768 quant

192 1799 246 1848 res
269 1786 409 1864 agatur?
454 1805 455 1808 ¹
1226 1785 1228 1794 ’

289 1941 502 2007 Premendum
518 1960 594 2007 vero
610 1961 649 2008 ex
663 1942 711 2019 iis,
728 1962 810 2023 quae
827 1945 1011 2023 sequuntur,
1028 1947 1133 2024 atque
1145 1943 1411 2026 exaggerandum
1426 1961 1465 2009 es:

188 2045 489 2126 qnodphilosophus
503 2046 542 2111 de
550 2045 726 2128 voluptatis
740 2045 950 2112 etfunctionis
963 2048 1380 2115 necessitudinedicitmd
1391 2065 1411 2098 a
1427 2057 1472 2114 ts.

193 2146 331 2232 advocor
354 2146 387 2214 δὲ
411 2146 543 2234 διάχτὴν
566 2143 692 2234 ἡδονήν
714 2153 750 2213 τὸ
774 2151 831 2234 ζῆν
846 2146 1064 2236 αι’ρούμεθαῆ
1080 2148 1182 2216 διὰτὸ
1198 2153 1254 2234 ζῆν
1268 2149 1328 2234 τὴν
1342 2147 1472 2237 ἡδονήι.

188 2249 337 2336 ἀφείσθω
366 2249 401 2317 ἐν
427 2255 474 2340 τῷ
500 2250 644 2334 παρόντι.
699 2243 907 2336 συνεζεῦχθαι
938 2252 997 2336 μὲν
1026 2256 1087 2338 γὰρ
1114 2257 1216 2319 ταῦτα
1243 2257 1397 2336 φαίνεται
1432 2258 1471 2322 καὶ

190 2361 353 2440 χωρισμὸν
381 2352 422 2420 οὐ
447 2342 608 2439 Ιδέχεσθαι.
664 2357 711 2422 Ac
745 2356 882 2438 primum
917 2358 1044 2437 quidem
1073 2359 1143 2440 quis
1171 2357 1325 2440 quidquid
1354 2361 1413 2426 hic
1445 2361 1462 2423 ί·

186 2461 346 2526 communi
368 2461 535 2526 functione
553 2461 782 2542 voluntateque
811 2462 841 2526 ei
863 2461 1074 2556 conveniente
1103 2462 1222 2528 dictum
1252 2463 1308 2544 sit,
1338 2483 1470 2548 prorsa

186 2583 288 2645 aeque
309 2564 342 2629 id
366 2565 480 2629 cadere
503 2565 537 2628 in
560 2564 703 2644 singulas
727 2583 900 2646 earumque
922 2566 1106 2646 voluptates
1129 2584 1261 2631 necesse
1284 2585 1358 2632 esse
1382 2568 1471 2633 dubi·

186 2669 270 2733 tabit
293 2669 476 2748 concedere,
501 2669 617 2750 quippe
641 2687 711 2732 cnm
734 2673 871 2749 utraque
895 2669 1042 2733 omnibus
1064 2671 1214 2734 numeris
1228 2669 1326 2750 plane
1351 2673 1473 2751 pariter

189 2792 261 2838 sese
275 2773 417 2838 habeat?
442 2771 524 2850 Quid
540 2773 671 2862 tandem
694 2773 895 2853 luculentius
921 2791 1015 2853 qnam
1031 2773 1117 2854 quod
1132 2773 1240 2838 verbis
1254 2773 1361 2854 planis
1378 2779 1474 2856 atquc

175 2857 309 2958 ‚apertis
333 2876 486 2956 scriptum
509 2875 652 2941 videmus
674 2872 839 2960 χωρισμὸν
861 2875 901 2942 οὐ
918 2873 1065 2958 δέχεσθαι
1087 2875 1282 2940 functionem
1305 2881 1340 2940 ει
1362 2881 1466 2959 volup

185 2982 310 3045 tatem?
333 2981 376 3044 Et
391 2980 452 3044 hoc
469 2980 595 3060 quidem
612 2980 733 3060 scribit,
755 2986 927 3061 postquam
947 2980 1043 3044 modo
1059 2997 1136 3044 usus
1153 2983 1204 3044 est
1217 2979 1322 3045 verbis
1338 2977 1476 3046 ἕπεσθε

185 3086 225 3170 τῇ
248 3077 496 3170 ἐνεργείᾳ,.εἶναι
511 3081 591 3146 κατὰ
613 3081 673 3165 τὴν
699 3079 867 3167 ἐνέργειαν,
889 3089 926 3148 ut
945 3084 1081 3148 alterum
1097 3084 1137 3148 ab
1161 3084 1262 3148 altero
1286 3084 1474 3150 distinct-nn

186 3188 243 3252 sitl
268 3187 332 3253 Sed
354 3187 487 3270 propria
510 3191 542 3250 et
564 3187 718 3251 mirabilis
742 3188 899 3267 quaedam
921 3188 1003 3251 ratio
1026 3187 1210 3265 intercedit,
1233 3206 1316 3267 quae
1339 3187 1421 3268 fert,
1447 3199 1472 3254 nt

187 3295 221 3356 ει
243 3291 369 3356 diversa
393 3290 466 3364 sint,
490 3289 608 3370 quippe
631 3309 766 3370 quorum
790 3291 927 3355 alterum
950 3291 1087 3356 alterum
1111 3293 1272 3371 sequatur,
1301 3297 1335 3356 et
1360 3296 1472 3361 eaden

187 3396 260 3474 sint,
285 3394 404 3475 quippe
421 3412 503 3474 quae
519 3393 757 3458 necessitudine
773 3398 839 3457 tam
855 3394 968 3459 intima
983 3393 1048 3458 sint
1064 3394 1240 3473 coniuncta,
1264 3399 1300 3458 ut
1317 3394 1475 3477 distingui

183 3501 356 3578 nequeant.

287 3655 403 3720 Utrum
427 3658 605 3735 congruant
628 3672 737 3731 necne,
758 3671 827 3718 eam
844 3653 1065 3732 quaestionem
1087 3651 1214 3716 omnino
1234 3652 1267 3717 in
1289 3653 1399 3720 medio
1428 3677 1463 3722 re

186 3762 297 3826 lictum
318 3757 460 3824 voluisse
482 3758 690 3824 Aristotelem
713 3761 835 3821 utnon
857 3757 964 3837 operis
988 3756 1029 3821 ad
1050 3755 1137 3821 vitae
1165 3774 1258 3820 usum
1281 3762 1466 3837 spectantis

184 3863 262 3951 quid
290 3861 512 3928 manifestius?
558 3860 603 3926 Oi.
635 3880 732 3942 supra
761 3861 801 3925 de
829 3859 924 3925 simili
952 3879 988 3925 re
1017 3857 1164 3944 ἀφείσθω
1192 3857 1227 3923 ἐν
1255 3863 1302 3947 τῷ
1324 3861 1466 3946 παρόντι

183 3971 226 4034 Ει
253 3986 294 4033 ne
320 3967 382 4031 hoc
410 3966 537 4048 quidem
567 3965 647 4045 scio,
683 3984 725 4029 an
753 3984 793 4030 ne
819 3964 961 4045 potuerit
998 3965 1126 4044 quidem
1153 3964 1248 4030 ambo
1277 3963 1467 4033 discernere

184 4072 309 4138 etiamsi
323 4070 468 4148 voluerit,
491 4075 600 4134 notam
623 4067 708 4134 enim
729 4068 818 4132 illam
841 4068 1021 4148 specialem,
1045 4087 1108 4149 qua
1129 4068 1199 4132 sola
1220 4072 1258 4132 ut
1272 4067 1473 4149 voluptatem

184 4175 395 4243 eiunctione
421 4174 603 4256 distinguat
631 4173 759 4251 nititur,
794 4191 853 4252 per
880 4171 1080 4236 occasionem
1107 4171 1327 4238 tantummodo
1355 4178 1474 4258 tangit.

183 4281 267 4360 quid
307 4279 391 4361 quod
424 4297 464 4344 ne
497 4283 607 4360 aptum
635 4275 763 4356 quidem
792 4275 962 4339 discrimen
990 4293 1029 4340 ea
1054 4275 1182 4340 videtur
1204 4294 1285 4354 esse,
1318 4280 1473 4355 quonian

182 4382 220 4449 τὸ
249 4382 375 4466 αίρειόν
396 4381 553 4464 voluptati
581 4399 651 4445 cum
678 4378 746 4443 vita
774 4397 939 4444 commune
967 4383 1025 4454 est,
1054 4396 1232 4459 perquam
1257 4379 1337 4444 illud
1361 4381 1392 4446 ei
1418 4387 1473 4449 ad·

182 4488 313 4567 iudicat,
336 4490 372 4551 ut
387 4487 575 4568 cognovisse
596 4484 686 4547 illum
704 4480 830 4562 quidem
846 4486 942 4562 caput
959 4483 992 4545 in
1008 4499 1072 4562 quo
1095 4483 1197 4549 omnis
1211 4482 1300 4548 notio
1322 4491 1470 4565 ponenda

183 4595 271 4657 esset
294 4593 457 4670 appareat,
479 4592 515 4654 ut
537 4588 724 4653 collinearct
746 4585 777 4651 ei
798 4602 862 4648 non
886 4584 1081 4665 contigisse?
