2968 5064
610 341 628 400 3

10 565 57 610 ern
88 550 212 629 operis,
238 549 322 630 quod
345 549 504 614 actionem
526 555 559 616 et
582 549 723 616 officium
745 552 886 631 spectat,
916 553 1045 630 aptasse
1074 550 1265 632 scriptorem
1369 575 1371 579 ·
1460 587 1462 598 ›

10 651 143 717 teriam
175 653 408 733 subtilioraque
430 657 603 734 propterea
631 658 663 718 et
685 653 858 718 remotiora
882 655 1040 733 quaedam
1061 655 1264 735 praeterisse,

10 773 46 818 te
72 757 114 820 in
138 755 210 822 allis
233 757 383 836 operibus
406 757 438 820 in
461 757 729 838 contemplatione
753 756 918 836 occupatis
940 756 1089 840 legimus
1111 763 1148 822 ut
1170 777 1210 822 ne
1231 757 1265 822 in

10 878 44 921 rc
81 860 216 939 quidem
239 879 303 924 non
326 859 478 943 quadret,
506 861 590 941 quod
618 879 638 924 a
665 859 854 940 quibusdam
877 859 982 925 adhuc
1003 861 1043 925 de
1071 860 1154 926 rhet.
1170 857 1201 939 I,
1225 868 1264 926 11

10 967 99 1025 tum
125 962 247 1029 dictum
270 967 328 1027 est.
373 963 509 1030 Prorsus
534 969 746 1029 consentanea
769 982 809 1028 ea
830 981 883 1027 res
900 970 950 1029 est
964 964 1065 1045 ipsius
1081 964 1266 1029 Aristotelis

10 1068 189 1132 monitioni
218 1068 264 1132 illi
292 1088 331 1133 ex
359 1068 520 1134 industria
547 1067 809 1150 frequentatam),
840 1085 934 1147 quam
961 1067 1081 1133 iniuste
1103 1068 1267 1149 nassum)

10 1169 115 1234 licat.
162 1172 230 1235 Nec
252 1172 446 1252 praecipiam
474 1177 590 1248 tamen,
619 1170 819 1237 concluditur
847 1173 879 1234 et
909 1168 1046 1235 efficitor
1072 1169 1168 1236 ratio.
1213 1169 1267 1235 Sic

10 1279 82 1336 tem
114 1275 190 1340 libri
214 1276 254 1341 X.
276 1276 389 1357 primis
412 1275 440 1338 V
463 1275 623 1356 capitibus
646 1275 768 1356 agitur,
790 1278 827 1338 ut
858 1273 961 1354 prImo
990 1291 1047 1339 cur
1076 1275 1116 1341 de
1142 1275 1204 1340 huc
1231 1293 1268 1339 re

37 1379 222 1457 agendum,
253 1381 393 1445 secundo
425 1380 500 1460 quid
527 1379 581 1443 alii
609 1378 793 1460 philosophi
822 1379 862 1444 de
893 1398 931 1445 ea
959 1379 1131 1457 senserint,
1160 1379 1268 1462 tertio,

10 1485 103 1559 erto,
129 1482 243 1562 quinto
267 1483 344 1564 quid
365 1485 435 1565 ipse
459 1489 590 1548 censeat
613 1488 802 1563 exponatur.

79 1584 132 1649 Ab
156 1584 217 1670 hac
240 1587 338 1651 tertia
361 1593 452 1668 parte
481 1606 540 1652 nos
567 1584 811 1665 proficiscimur,
842 1586 963 1669 qnippe
992 1604 1075 1667 quae
1104 1591 1200 1668 caput
1222 1586 1268 1652 rei
1311 1657 1315 1666 .

10 1687 157 1753 ntIneat.

79 1793 157 1857 Eth.
180 1794 250 1858 Nic.
274 1794 313 1872 X,
338 1802 357 1862 3
380 1816 411 1876 p.
431 1803 534 1863 1174a
554 1802 680 1860 13-19
725 1794 764 1858 Τι’
786 1791 812 1858 d⁹
836 1791 922 1859 ἐστὶν
945 1790 968 1876 ἢ
990 1791 1087 1858 τιοῖόν
1108 1815 1148 1872 τι,
1172 1815 1266 1857 κατα-

10 1891 179 1976 ῑνέστερον
193 1893 306 1979 γένοιτ’
324 1895 366 1960 ἂν
384 1894 435 1962 ἄττ’
453 1894 552 1983 ἀρχῆς
575 1895 802 1978 ἀναλαβοῦοιν.
841 1899 930 1963 δοκεῖ
948 1895 1010 1980 γὰρ
1032 1892 1053 1980 ἡ
1077 1894 1136 1978 μὲν
1159 1894 1270 1978 ὅρασις

10 1995 43 2062 θ’
79 1995 236 2064 ὁντινοῦν
258 1996 385 2083 Ῐχρόνον
411 2005 512 2066 τελεία
538 1996 632 2066 εἶναι·
664 1998 705 2066 οὐ
733 2000 796 2086 γάρ
824 1999 908 2066 ἐστιν
937 2000 1046 2085 ἐνδεὴς
1069 1999 1221 2077 ὀὐδενός
1250 1995 1270 2065 ὃ

36 2101 184 2184 ὕστερον
205 2102 381 2198 γενόμενον
402 2104 557 2171 τελειώσει
579 2102 679 2191 αὐτῆς
701 2093 738 2171 τὸ
760 2100 854 2180 εἶδος.
899 2102 1036 2192 τοιούτῳ
1062 2101 1089 2169 δ’
1112 2103 1194 2170 ἔοικε
1215 2105 1270 2170 καὶ

16 2203 148 2290 ἡδονή·
199 2204 277 2272 ὅλον
303 2207 365 2292 γάρ
393 2211 425 2273 τί
452 2207 528 2288 ἐστι,
561 2208 615 2274 καὶ
641 2206 708 2275 κατ’
738 2205 855 2274 οὐδένα
882 2205 1004 2291 χρόνον
1033 2206 1126 2291 λάβοι
1155 2230 1203 2284 τις
1229 2205 1271 2272 ἂν

10 2313 101 2393 ονὴν
125 2298 166 2394 ἦς
188 2308 239 2375 ἐπὶ
260 2315 358 2377 ateio
381 2309 500 2395 χρόνον
521 2310 691 2398 γινομένης
711 2309 953 2397 τελειωθὴοετοιι
973 2310 1010 2376 τὸ
1033 2306 1124 2388 εἶδος.

83 2415 167 2478 Cum
195 2417 235 2500 τῇ
263 2409 374 2496 ὁράσει
400 2416 498 2499 igilur
528 2421 693 2498 comparat
718 2417 780 2500 τὴν
807 2411 941 2501 ἡδονήν,
970 2411 991 2498 ἡ
1022 2412 1134 2496 ὅρασις
1163 2421 1270 2480 autem

10 2515 119 2600 ἓργειά
143 2541 190 2594 τις
212 2519 330 2585 dicitur
350 2521 490 2602 metaph.
513 2519 600 2600 VIII,
625 2531 643 2586 o·
666 2540 696 2602 p.
721 2521 830 2586 1048b
849 2527 899 2585 33.
946 2520 1033 2600 Ergo
1057 2519 1085 2583 si
1110 2539 1174 2592 non
1191 2521 1270 2586 dIcit

11 2621 179 2687 istoteles
202 2623 400 2704 voluptatem
424 2619 592 2706 ἐνέργειαν,
624 2629 712 2689 certe
742 2642 816 2689 curn
839 2622 976 2703 quadam
1001 2641 1072 2688 eam
1094 2630 1271 2706 comparat,

19 2728 48 2788 si
64 2745 134 2790 non
148 2731 296 2806 praestat
310 2728 414 2808 plane,
431 2728 516 2807 quod
531 2727 629 2792 verba
643 2729 674 2792 τί
689 2723 715 2791 d
731 2724 816 2791 ἐστὶν
829 2725 1030 2807 promittunt,
1045 2743 1109 2790 non
1125 2733 1214 2794 certa
1236 2735 1269 2792 et

12 2835 62 2894 sta
99 2827 287 2896 definitione
321 2849 390 2896 rem
423 2829 648 2910 determinem,
683 2836 790 2896 tamen
824 2831 962 2910 quodam
991 2832 1087 2896 modo
1115 2835 1271 2913 praestat.

12 2934 116 2998 eliore
147 2938 254 3000 autem
276 2935 346 3000 iure
376 2953 447 3000 cum
474 2936 538 3001 ulla
569 2935 691 2999 aliare
715 2952 786 2997 eum
815 2933 1013 3014 voluptatem
1037 2934 1184 3002 conferre
1207 2952 1271 2999 non

14 3039 127 3102 tuisse
148 3037 420 3118 premendamqne
448 3056 519 3104 esse
541 3038 629 3101 illam
652 3037 925 3116 comparationem
952 3041 1068 3119 postea
1090 3038 1271 3104 viderimus.

13 3161 82 3206 erro
112 3147 150 3205 ut
178 3135 199 3225 ἡ
229 3138 339 3222 ὅρασις
366 3137 458 3226 estr‘p
487 3137 590 3226 ἡδονὴ
621 3159 748 3221 quoque
776 3136 855 3204 ὅλον
876 3164 906 3204 τι
935 3146 967 3205 et
995 3141 1098 3206 τιλείιι
1119 3137 1155 3205 τὸ
1178 3136 1270 3216 εἶδος.

13 3265 65 3309 >co
91 3250 202 3310 autern
223 3245 319 3310 modo
341 3246 474 3312 laudato
490 3265 519 3312 v.
536 3251 662 3312 18-36
678 3244 786 3326 posuit
807 3243 1017 3325 philosophus
1039 3242 1200 3325 perfectas
1215 3252 1272 3316 ‚at-

14 3371 37 3414 :e
65 3349 233 3415 absolutas
255 3350 385 3416 notione
407 3369 478 3415 esse
502 3368 611 3414 omnes
633 3349 717 3416 tales
739 3345 878 3432 πράξεις,
902 3367 984 3428 quae
1000 3366 1065 3412 non
1080 3346 1153 3412 finis
1175 3349 1272 3414 ullius

14 3473 81 3517 ¹usa
98 3454 174 3531 sint,
199 3456 256 3519 sed
272 3454 437 3535 sibiipsae
454 3455 519 3518 sint
532 3453 605 3518 finiS
621 3453 813 3533 easdemque
827 3447 986 3532 ἐνεργείας
1006 3451 1079 3530 dici,
1103 3470 1186 3533 quae
1209 3453 1273 3517 sint

14 3545 101 3621 11οἷν
121 3553 186 3621 ἐστι
207 3553 313 3641 τέρας,
337 3577 393 3623 eas
417 3576 488 3623 esse
509 3554 647 3641 κινήσεις
669 3573 861 3642 semperque
884 3550 1009 3630 ἀτελεῖς.
1055 3556 1143 3621 Nota
1165 3555 1272 3637 Igitur,

15 3679 40 3724 m
68 3661 183 3725 addita
204 3661 318 3744 πρᾶξις
340 3659 377 3725 fit
399 3657 547 3744 ἐνέργεια,
575 3661 608 3725 id
629 3664 680 3726 est
701 3664 780 3725 nota
801 3662 838 3724 ut
863 3656 960 3738 logici
983 3658 1093 3724 dIcunt
1114 3658 1273 3724 naturaliS

15 3765 142 3847 εργείας
174 3764 214 3828 de
245 3765 411 3846 uoluptate
441 3765 650 3847 praeditatur
677 3781 781 3844 neque
810 3761 980 3847 quicquam
1009 3761 1096 3827 alind
1125 3760 1186 3827 nisi
1212 3758 1274 3846 τὴν

16 3871 110 3950 ἰονήν
131 3867 250 3949 πρᾶξίν
271 3891 344 3933 τινα
366 3864 447 3934 εἶναι
468 3869 541 3933 huic
564 3869 667 3933 iustae
692 3864 888 3932 conclusioni
911 3864 1018 3930 deest:

213 3991 323 4038 omnes
345 3970 474 4057 πράξεις
495 3977 608 4036 celsior
628 3993 665 4035 το
689 3965 774 4044 εἶδος
797 3975 872 4034 sunt
894 3964 1055 4052 ἐνέργειαι,

211 4071 232 4160 ἡ
256 4073 359 4162 ἡδονὴ
381 4083 431 4144 ost
453 4077 567 4156 πρᾶξίς
589 4097 636 4150 τις
657 4075 758 4138 τελεία
779 4071 816 4136 τὸ
838 4066 932 4148 εἶδος,

203 4169 234 4267 γ’]
257 4182 359 4268 ἡδονή
383 4192 433 4249 est
455 4169 601 4263 ἐνέργεια.
751 4173 755 4180 ’
931 4191 961 4244 'b

88 4291 137 4355 An
160 4307 238 4353 uero
261 4287 355 4353 nimIs
377 4285 513 4362 ruimus,
542 4285 570 4348 si
598 4297 816 4364 supponamus
839 4283 899 4362 τὴν
920 4277 1044 4364 ηᾶονὴν
1068 4276 1273 4344 Aristotelem

18 4397 102 4480 γᾶξίν
114 4416 186 4458 τινα
202 4391 229 4456 si
244 4410 308 4457 non
323 4390 514 4465 nominasse,
529 4391 637 4453 tomen
652 4384 838 4451 censuisse?
868 4384 961 4463 Quid,
975 4381 1198 4449 verebimurne
1211 4399 1273 4461 qua

18 4498 170 4568 iueralior
190 4496 279 4561 notio
302 4513 368 4560 non
391 4498 453 4574 est,
477 4491 595 4573 quippe
617 4492 649 4555 iu
673 4507 768 4571 quam
786 4493 880 4553 exeat
894 4486 994 4552 series
1009 4504 1068 4567 per
1084 4484 1273 4551 subordina-

18 4623 107 4672 uncm
142 4601 323 4679 notionum,
360 4599 519 4666 actionem
552 4595 592 4660 de
622 4595 789 4675 uoluptate
823 4590 1058 4748 philosophurlq
1084 4587 1273 4672 praedicare
