2968 5064
827 341 870 404 42

742 432 956 440 —0———

281 551 407 620 σύνεγγυς
424 556 485 613 ταῖς
502 548 643 618 ἐνεργείαις
660 549 707 604 καί
725 546 876 618 άδιόριστοι
895 547 982 614 οὑτως
1001 545 1060 605 ὅστ’
1081 549 1148 619 ἔχειν
1160 548 1377 622 ἀμφισβήτησιν
1395 554 1416 606 εί
1429 573 1456 604 τυ

276 638 325 692 τόν
342 636 413 692 ἐστιν
431 633 449 706 ἡ
468 633 585 704 ἐνέργεια
602 639 634 708 τῇ
653 633 747 707 ἡδονῇ.
1090 703 1093 707 .

207 727 251 796 15)
278 722 828 791 116116616ηάΝ16.1’,4μ.1114123
852 725 949 794 quodsi
974 725 1061 794 igilur
1087 725 1238 792 quaeratur
1264 741 1395 792 quonam
1418 741 1471 776 »eu-¹

277 811 295 883 ἡ
314 811 400 882 ἡδονι)
420 815 564 868 censeatur
581 816 704 878 τελειοῦν,
723 831 775 868 nee
790 815 885 866 tutum
897 831 948 868 nee
966 815 1073 868 rectum
1086 812 1140 866 erit
1158 813 1253 868 mente
1274 813 1407 882 arripere
1425 839 1437 880 ι,
1472 825 1473 842 ³

276 911 375 972 postea
398 904 428 956 in
452 903 510 957 ulia
533 904 614 970 purte
639 903 807 972 quaestionis
826 899 842 970 ἡ
861 899 947 970 ἡδονὴ
965 903 1076 956 videtur
1095 901 1237 967 συναύξειν
1254 899 1309 970 τὴν
1330 899 1434 971 ἡδονήν

278 991 445 1064 ἐξακριβοῦν.
490 991 587 1061 Neque
606 992 680 1046 euim
705 991 729 1045 si
747 993 902 1046 accuratius
925 991 1092 1061 distinguas,
1117 1009 1150 1046 ea
1169 989 1289 1059 ἐνέργεια
1308 995 1433 1062 augetur

278 1085 388 1136 aeuitur
407 1083 482 1136 cuius
501 1083 561 1149 ipsu
585 1077 631 1149 ἡδὶ
650 1076 666 1148 ἡ
684 1077 770 1150 ἡδονὴ
789 1083 839 1146 est,
859 1081 906 1134 sed
924 1081 1047 1135 eiusdem
1066 1079 1178 1148 quidem
1196 1081 1309 1149 generis
1331 1078 1445 1150 ἐνέργεια
1468 1093 1472 1102 ’

278 1189 311 1225 eu
330 1189 399 1239 quae
418 1170 580 1239 insequitur.

208 1261 253 1328 16)
282 1259 524 1324 Schleiermacher‚
543 1259 638 1312 Krihik
656 1260 706 1313 der
723 1259 881 1328 biuherigen
900 1257 1071 1313 Sittenlehre
1089 1276 1115 1326 p.
1130 1258 1190 1314 241.

206 1351 249 1417 ll)
279 1349 404 1413 Brundiu‚
424 1348 588 1403 Gesehichhe
608 1349 656 1402 dur
675 1347 876 1406 &lech-lilim.
895 1347 1071 1416 Philosophie
1090 1347 1130 1400 111
1142 1365 1169 1414 p.
1184 1347 1243 1403 149.

207 1439 251 1508 18)
280 1438 309 1496 G.
328 1438 373 1490 W.
393 1437 526 1504 Schmidt,
545 1439 564 1492 l.
578 1438 597 1494 l.
610 1456 636 1505 p.
653 1439 693 1493 19.

206 1529 253 1597 19)
280 1528 376 1594 Zeller,
396 1527 468 1585 Phil.
488 1528 537 1581 der
555 1526 689 1582 Grieehen
708 1527 743 1591 11,
757 1527 813 1594 21³·
827 1527 879 1581 471
903 1527 972 1581 Dem
985 1526 1150 1580 Aristoteles
1162 1525 1199 1578 161
1213 1526 1258 1578 die
1272 1525 1348 1580 Lusi
1362 1528 1436 1581 vielu
1454 1569 1458 1576 .

276 1618 321 1671 die
340 1619 549 1686 naturgemusse
568 1616 748 1685 Vollendung
763 1616 842 1685 jeder
861 1615 1036 1685 Thuligkeit,
1063 1616 1112 1668 das
1131 1615 1275 1680 Reuulhat,
1302 1615 1475 1671 welches

277 1708 327 1760 der
339 1707 563 1760 vollkommenen
576 1706 742 1774 Thuligkeit
755 1705 855 1759 ebenso
874 1705 1059 1759 unmittelbar
1077 1707 1184 1774 geseizi
1202 1706 1248 1770 ish,
1269 1703 1313 1758 als
1334 1707 1384 1761 die
1399 1706 1471 1759 Seli.-

275 1797 335 1851 heil
359 1796 416 1849 und
443 1795 615 1849 Gesundheih
639 1797 692 1848 mil
716 1795 765 1849 der
790 1795 1014 1849 vollkommenen
1038 1794 1261 1849 Besehuffenheit
1290 1795 1343 1848 des
1367 1796 1456 1861 Κὸιγ.

276 1887 355 1940 61611
374 1888 420 1940 ein
437 1884 559 1938 Werden
577 1885 634 1938 und
654 1886 714 1938 eine
735 1888 891 1953 Bewegung
909 1885 974 1951 (wie
993 1884 1057 1938 dem
1075 1884 1197 1954 Platon),
1217 1885 1340 1938 sondern
1359 1886 1414 1938 das
1433 1885 1451 1935 li

275 1977 305 2029 in
324 1976 387 2029 dem
403 1975 468 2043 jede
488 1974 751 2043 Lebenebewegung
766 1992 815 2027 zur
832 1973 911 2028 Ruhe
930 1975 1047 2027 kommt.
1475 2023 1476 2032 .

203 2065 251 2136 20)
278 2065 438 2133 Ueberweg,
458 2063 605 2117 Grundriss
624 2064 673 2117 der
691 2062 855 2117 0666116116
875 2063 924 2117 der
942 2063 1131 2130 Philosophie,
1152 2064 1172 2116 Ι.
1192 2062 1267 2128 Tell,
1288 2063 1392 2117 Berlin
1414 2064 1458 2118 111

275 2173 302 2222 p.
321 2152 374 2209 206
394 2155 443 2208 Die
460 2154 528 2206 Lusi
546 2153 686 2207 vollendeh
705 2152 749 2206 die
766 2151 930 2221 Thetigkeil
949 2153 990 2205 uls
1009 2153 1058 2206 dus
1075 2151 1329 2206 hinzukommende
1347 2151 1411 2206 Ziel
1431 2171 1447 2205 0·

276 2243 410 2296 vielmehr
429 2242 617 2306 Endresultut,
637 2241 666 2295 in
684 2243 802 2296 welches
821 2241 941 2296 dieselbe
959 2244 1151 2311 nahurgemiiss
1176 2241 1300 2296 ausleuft
1325 2243 1387 2294 und
1409 2260 1468 2293 uu..

275 2333 315 2386 sie
334 2350 383 2384 zur
400 2331 479 2386 Ruhe
498 2325 622 2401 gelan'gt.

205 2422 252 2490 21)
280 2422 320 2475 De
333 2422 427 2474 anima
439 2422 473 2486 ΙΙ,
487 2421 503 2476 2
516 2439 543 2488 p.
556 2419 672 2475 413121
691 2418 799 2488 καὶγὰρ
813 2419 942 2486 αἴσθησιν
954 2415 1081 2484 ἑκάτερον
1093 2421 1148 2471 τῶν
1159 2420 1249 2486 μερῶν
1261 2417 1314 2486 ἔχει
1328 2419 1377 2473 καὶ
1391 2423 1477 2484 κίνησε

275 2509 325 2580 τὴν
334 2509 403 2564 κατά
411 2510 506 2574 τόπον,
518 2506 575 2564 εἶδ’
587 2510 724 2577 αἴσθησιν,
735 2508 781 2562 καὶ
796 2509 950 2576 φαντασίαν
961 2509 1007 2561 καὶ
1022 2504 1122 2574 ὄρεξιν·
1139 2503 1209 2561 ὅπου
1224 2505 1274 2574 μὲν
1285 2505 1340 2576 γάρ
1355 2509 1476 2575 aihum...

275 2598 320 2650 καὶ
329 2596 400 2665 λύπη
410 2617 437 2651 τε
446 2597 493 2649 καὶ
500 2593 596 2664 ἡδονή,
605 2591 675 2648 ὅπου
684 2592 713 2648 di
721 2597 817 2660 ταῦτα,
824 2592 851 2658 ἐξ
861 2591 980 2662 ἀνάγκης
989 2594 1034 2648 καὶ
1044 2593 1185 2660 ἐπιθυμία.
1197 2624 1230 2632 -
1240 2593 1281 2650 lb.
1289 2594 1351 2660 II‚3
1361 2613 1389 2662 p.
1398 2597 1448 2649 414
1470 2597 1476 2646 1

276 2691 300 2742 εἰ
310 2685 339 2741 di
352 2688 382 2740 τὸ
396 2686 558 2755 αἰσθητιαόν
576 2690 622 2753 (sc.
643 2686 695 2739 τισὶ
706 2682 842 2752 ὑπάρχει),
864 2684 952 2738 καὶτὸ
966 2682 1116 2751 ὀρεκτικόν·
1129 2680 1216 2752 ὄρεξις
1227 2681 1277 2748 μὲν
1289 2682 1344 2750 γὰρ
1359 2684 1458 2739 inrue.
1469 2715 1478 2742 l

275 2775 321 2828 nul
339 2773 430 2840 θυμὸς
451 2775 497 2827 καὶ
515 2774 650 2844 βούλησις,
673 2771 707 2824 τά
725 2771 754 2826 δὲ
773 2774 828 2844 ζῷα
846 2768 923 2824 πάντ’
944 2770 1033 2839 ἔχουσι
1050 2773 1115 2838 μίαν
1133 2791 1161 2839 γε
1178 2773 1233 2824 τῶν
1251 2770 1423 2838 αἰσθήσεων,
1443 2753 1478 2836 τχί

276 2858 365 2930 ἁφήν·
384 2855 405 2934 ᾦ
424 2858 451 2915 δ’
470 2861 599 2930 αἴσθησις
615 2857 743 2927 ὑπάρχει,
766 2859 855 2931 τούτῳ
878 2855 964 2927 ἡδονή
988 2878 1016 2912 τε
1038 2859 1084 2911 καὶ
1106 2857 1176 2926 λύπη
1200 2858 1246 2910 καὶ
1268 2855 1301 2910 τύ
1320 2853 1378 2925 ἡδύ
1398 2879 1427 2912 τε
1445 2877 1477 2908 να.

274 2947 403 3016 λυπηρόν,
423 2947 465 3010 οἷς
482 2947 511 3002 δὲ
528 2952 624 3009 ταῦτα,
643 2946 689 2999 καὶ
706 2942 723 3013 ἡ
743 2943 884 3011 ἐπιθυμία.
905 2975 939 2984 -
958 2943 998 3000 Cf.
1012 2945 1174 3008 Bueumker,
1192 2961 1218 3012 p.
1232 2943 1257 3000 4.
1275 2974 1312 2984 -
1331 2945 1375 2999 De
1394 2963 1453 2999 soni

276 3039 305 3091 61
324 3037 423 3106 vigilia
442 3039 498 3105 lp.
511 3039 627 3095 454129
647 3035 688 3097 οἷς
707 3031 733 3088 δ’
753 3035 880 3102 αἴσθησις
897 3029 1020 3101 ὑπάρχει,
1039 3034 1084 3086 καὶ
1102 3032 1132 3086 td
1151 3036 1297 3086 λυπεῖσθαι
1314 3034 1365 3086 καί
1384 3033 1416 3086 τὸ
1435 3055 1478 3100 χο.-

278 3143 348 3191 ρειν·
367 3125 408 3188 οίς
427 3124 564 3189 δὲταῦτα,
582 3127 629 3182 καὶ
647 3125 788 3194 ἐπιθυμία.

203 3213 249 3281 22)
276 3214 316 3268 De
335 3215 430 3268 anima
448 3215 494 3280 111,
509 3216 524 3270 7
537 3233 564 3282 p.
577 3213 700 3270 431112.

205 3302 250 3370 23)
279 3302 323 3356 Fr.
344 3307 492 3369 BrentanO,
512 3305 562 3358 Die
581 3302 764 3371 Psyehologie
783 3301 830 3354 des
848 3299 1020 3362 Aristoteles,
1041 3317 1068 3366 p.
1082 3297 1124 3353 50.

203 3393 248 3460 24)
277 3391 401 3461 Metaph.
414 3394 474 3458 ΧΙΙ,
488 3394 504 3448 3
518 3412 544 3461 p.
560 3393 692 3448 10782136
710 3394 759 3445 τοῦ
772 3389 801 3444 δὲ
814 3391 897 3442 καλοῦ
916 3387 1025 3457 μέγιστα
1043 3388 1100 3455 εἴδη
1118 3385 1194 3452 τάξις
1211 3387 1256 3439 καὶ
1275 3391 1429 3464 συμμετρία
1446 3409 1474 3438 κε,

273 3479 305 3534 τὸ
324 3478 479 3549 ιύρισμένον.

204 3569 251 3638 25)
279 3569 319 3622 De
338 3573 412 3636 poet.
433 3570 488 3637 lp.
503 3568 635 3625 1450136
653 3565 685 3620 τὸ
703 3567 754 3636 γάρ
773 3565 855 3621 καλὸν
873 3564 902 3619 ἐν
918 3563 1025 3632 μεγέθει
1043 3564 1089 3617 καί
1106 3563 1181 3628 τάξει
1195 3560 1256 3630 ἐστί,
1277 3561 1321 3615 διὸ
1343 3561 1406 3618 ούτε
1421 3567 1478 3617 ndu

273 3677 370 3726 μικρον
382 3654 416 3711 άν
427 3679 453 3710 τι
465 3655 568 3726 γένοιτο
587 3655 671 3712 καλὸν
683 3660 752 3730 ζῷον
772 3661 916 3726 (σνγχεῖται
935 3655 986 3724 γάρ
1005 3649 1021 3722 ἡ
1040 3655 1144 3719 θεωρία
1162 3649 1238 3721 ἐγγύς
1249 3653 1299 3705 τοῦ
1313 3648 1473 3722 άναισθήτο

274 3744 374 3813 χρόνον
392 3742 529 3813 γινομένη)
550 3739 613 3798 οὔτε
631 3743 812 3812 παμμέγεθες·
832 3741 864 3797 ού
883 3741 934 3812 γάρ
953 3739 1010 3809 ἅμα
1028 3737 1045 3810 ἡ
1064 3741 1168 3807 θεωρία
1184 3739 1293 3806 γίνεται,
1313 3737 1369 3794 αλλ’
1389 3742 1478 3808 οἴχετο

273 3839 331 3897 τοῖς
348 3834 484 3899 θεωροῦσι
502 3831 533 3885 τὸ
549 3829 581 3885 ‘iv
598 3833 643 3885 καί
661 3828 692 3884 τὸ
712 3827 774 3884 ὅλον
792 3828 821 3884 ἐκ
844 3833 893 3898 τῆς
909 3829 1038 3896 θεωρίας,
1062 3825 1122 3879 οἷον
1146 3827 1171 3878 εἰ
1187 3826 1291 3891 μυρίων
1309 3829 1433 3880 σταδίων
1452 3829 1478 3882 ει)

275 3923 351 3993 ζῷον.
388 3915 453 3974 ὥστε
471 3921 513 3974 δεῖ
528 3919 656 3984 καθάπερ
675 3916 718 3971 ἐπὶ
735 3920 790 3970 τῶν
802 3917 935 3982 σωμάτων
946 3915 992 3969 καὶ
1004 3913 1114 3967 ἐπὶτῶν
1127 3913 1203 3986 ζῴων
1216 3911 1284 3979 ἔχειν
1295 3909 1347 3978 μὲν
1358 3912 1478 3982 μέγεθος

272 4009 354 4059 τοῦτο
374 4005 402 4060 δὲ
421 4002 588 4060 εὐσύνοπτον
605 4001 682 4068 εἶναι,
702 4000 774 4058 οὕτω
793 4004 839 4056 καὶ
857 4001 972 4056 ἐπὶτῶν
995 4001 1096 4069 μύθων
1118 4000 1186 4068 ἔχειν
1209 3997 1259 4067 μὲν
1279 4000 1378 4067 μῆκος,
1404 4004 1478 4052 roim

275 4091 303 4147 d'
323 4090 540 4161 εὐμνημόνευτον
558 4090 634 4145 εἶναι.

206 4182 252 4249 26)
281 4181 321 4235 De
340 4181 433 4233 anima
451 4179 679 4245 11141143οι13
699 4177 743 4233 εἰνὶ
759 4177 809 4246 μὲν
825 4175 877 4248 γάρ
894 4179 949 4230 τῶν
967 4172 1031 4230 ι’ίνεο
1050 4171 1114 4242 ύλης
1131 4172 1163 4227 τὸ
1181 4169 1250 4227 αὑτό
1271 4170 1326 4226 ἐστι
1346 4173 1378 4226 τὸ
1404 4177 1472 4226 νοοῖ·

273 4269 320 4322 καὶ
337 4267 368 4322 τὸ
386 4268 541 4334 νοούμενον.

201 4357 249 4425 27)
274 4356 335 4411 Nic.
354 4354 388 4420 ll,
408 4354 424 4408 5
449 4372 474 4422 p.
496 4354 628 4410 1106116
646 4352 711 4423 λέγω
730 4352 759 4407 δὲ
777 4351 827 4421 τὴν
845 4349 948 4422 ἠθικήν
966 4354 1012 4419 (su.
1033 4347 1157 4419 ἀρετήν)
1181 4344 1250 4418 αὕτη
1274 4347 1327 4416 γάρ
1353 4348 1477 4414 ἔστεπερ

275 4443 355 4510 πάθη
378 4443 424 4496 καὶ
447 4442 566 4510 πράξεις,
591 4440 619 4497 ἐν
641 4440 670 4496 di
688 4443 795 4503 τούτοις
819 4439 889 4494 ἐστίν
911 4437 1045 4510 ὑπερβολὴ
1070 4439 1115 4492 καὶ
1138 4437 1250 4504 ἔλλειψις
1272 4437 1319 4490 καί
1341 4437 1375 4492 τὸ
1397 4439 1474 4506 με’σοι

276 4527 335 4582 οίον
352 4525 403 4595 γάρ
421 4531 583 4598 φοβηθῆναι
600 4531 645 4582 ναί
662 4531 802 4596 θαρρῆσαι
820 4529 865 4581 καί
884 4525 1054 4595 ἐπιθυμῆσαι
1072 4527 1117 4579 καὶ
1136 4522 1297 4594 ὀργισθῆναι
1315 4525 1363 4578 καὶ
1382 4523 1478 4592 ε’λειξσα

274 4615 320 4667 ναὶ
339 4610 406 4674 ὅλως
424 4609 545 4681 ἡσθῆναι
563 4615 608 4667 καὶ
625 4618 791 4683 λυπηθῆναι.
1302 4605 1305 4612 “
