2968 5064
816 361 858 426 38

201 573 273 637 ideo
298 607 336 619 —
361 578 394 638 et
416 573 449 635 id
471 578 667 637 momentum
697 573 881 654 suppeditat
902 573 984 637 liber
1007 571 1162 652 septimus
1184 570 1328 634 mirabili
1356 571 1480 650 quadan

200 694 273 742 eum
297 676 418 741 decimo
443 675 736 755 conspiratione-
755 677 840 756 quod
863 673 967 740 πάντα
989 671 1086 756 φύσει
1107 671 1168 756 ἔχει
1182 698 1212 738 τι
1226 679 1324 738 θεῖον
1350 674 1469 757 (VlLl

150 854 154 860 Ι
201 799 232 860 p.
257 781 364 846 1153b
388 780 443 862 32)
472 779 524 844 vel
542 778 627 859 quod
653 779 731 853 ἴσως
758 776 791 842 δὲ
817 778 870 843 καί
898 777 931 844 ἐν
953 784 1019 854 τοῖς
1042 774 1180 862 φαύλοις
1204 775 1269 842 ἐστί
1290 801 1324 842 τι
1350 777 1479 860 φνσικδι

200 880 326 966 ἀγαθὸν
348 889 492 965 κρεῖττον
513 879 536 965 ἢ
558 879 635 946 καθ’
660 875 751 961 αὐτὰ,
781 880 798 946 δ
822 881 941 965 ἐφίεται
961 885 1022 946 τοῦ
1045 881 1166 946 οἰκείου
1191 877 1334 964 ἀγαθοῦ.

301 989 343 1052 Et
375 987 479 1052 adhue
502 986 630 1066 quidem
665 986 711 1050 ita
732 986 825 1050 nobis
852 1004 1025 1066 progressa
1053 985 1136 1049 ratio
1160 991 1218 1063 est,
1252 991 1290 1050 ut
1318 987 1471 1066 pauluhu

200 1091 352 1172 quiddam
380 1090 486 1168 abest,
517 1089 593 1169 quin
623 1091 663 1154 ad
694 1090 814 1155 calcem
842 1089 1091 1171 pervenerimus.
1136 1087 1356 1152 confunditur
1387 1097 1477 1152 auter

201 1196 297 1259 etiam
319 1193 352 1256 in
367 1194 428 1258 hae
450 1212 485 1256 re
500 1192 621 1256 iunctio
644 1211 714 1256 cum
737 1193 902 1272 voluptate
926 1211 992 1271 sua,
1015 1192 1048 1255 id
1067 1191 1152 1275 quod
1174 1191 1267 1255 nobis
1290 1192 1415 1256 tritum
1441 1210 1475 1257 eu

202 1299 282 1362 Rem
310 1297 355 1362 sic
378 1315 412 1361 se
435 1291 554 1361 habere
579 1296 673 1360 docet
695 1296 749 1360 lib.
773 1294 842 1374 Vll,
870 1305 908 1362 14
931 1315 960 1376 p.
985 1297 1150 1361 1153b10
1175 1315 1209 1372 s,
1233 1294 1286 1359 ubi
1311 1297 1418 1374 quasi
1443 1318 1472 1377 pr

200 1402 369 1466 terminum
398 1401 547 1465 medium·
571 1399 779 1464 beatitudiuis
801 1400 950 1479 voluptas
979 1417 1037 1479 pro
1064 1399 1228 1464 functione
1257 1399 1337 1478 poni
1367 1409 1472 1480 putes

200 1523 228 1568 v.
248 1513 287 1569 10
303 1500 366 1568 τίδ’
383 1499 403 1587 ἡ
420 1506 533 1567 πασῶν
550 1500 673 1584 (ἕξεων)
691 1499 829 1583 ἐνέργειά
845 1499 927 1566 ἐστιν
943 1498 1131 1584 εὐδαιμονία
1146 1503 1205 1566 ε’ίτε
1221 1496 1241 1584 ἡ
1258 1498 1350 1576 τινὸς
1369 1501 1478 1567 αὐτῶν.

207 1627 236 1672 v.
264 1616 300 1673 11
334 1602 353 1690 ἡ
392 1603 580 1689 εὐδαιμονία
614 1604 806 1686 αἱρετωτάτη
836 1602 934 1683 ἐστίν,
964 1625 992 1668 v.
1017 1612 1057 1671 12
1086 1608 1123 1670 τὸ
1153 1603 1376 1684 αἱρετώτατον
1418 1606 1479 1672 ἐστιν

120 1781 122 1786 ,
201 1706 303 1794 ἡδονή
332 1711 434 1786 (deest
456 1711 633 1791 articulus),
658 1729 686 1772 v.
713 1717 761 1776 la.
786 1705 865 1772 ὥστε
888 1710 935 1792 ε’ίη
959 1706 999 1772 ίίν
1021 1733 1067 1785 τις
1089 1705 1192 1793 ἡδονὴ
1214 1705 1251 1774 τδ
1270 1707 1427 1790 ἄριστον.

302 1815 392 1878 Haec
413 1815 511 1895 igitur
533 1819 662 1878 nostrae
690 1814 822 1878 rationis
851 1821 901 1876 est
923 1814 1099 1877 conclusio:

304 1917 482 1983 Secundum
501 1918 522 1980 l.
537 1915 606 1980 Vll.
618 1917 782 1981 beatitudo
800 1921 850 1980 est
863 1916 1011 1996 voluptas
1028 1918 1185 1997 quaedam
1201 1919 1251 1982 vel
1267 1919 1339 1982 eius
1355 1919 1478 1985 functi.

304 2021 484 2086 Secundum
507 2021 527 2083 l.
545 2021 584 2084 X.
611 2021 661 2084 dei
685 2019 850 2083 beatitudo
874 2026 922 2083 est
944 2023 1066 2100 θεωρία
1088 2022 1139 2085 vel
1161 2022 1228 2086 eius
1251 2023 1427 2102 uoluptas

304 2125 487 2190 Secundum
509 2125 530 2190 l.
554 2123 627 2187 Vll.
652 2129 684 2187 et
706 2123 746 2186 X.
770 2123 801 2186 in
824 2121 952 2186 homine
975 2141 1099 2204 quoque
1123 2125 1243 2204 aliquid
1268 2125 1371 2190 divini
1400 2129 1478 2192 ineu.

304 2246 378 2307 ergo
406 2228 555 2307 voluptas
586 2227 752 2306 quaedam,
786 2225 935 2305 voluptas
963 2231 1020 2310 τῆς
1046 2230 1195 2309 θεωρίας,
1224 2229 1405 2294 beatitudo
1439 2246 1478 2294 er.

304 2330 506 2395 Elucescitne
533 2330 596 2394 iam
625 2348 720 2409 quarn
743 2348 894 2411 perverse
918 2331 1172 2396 adversariorum
1195 2335 1363 2396 sententia
1389 2337 1479 2416 philo·

202 2436 337 2516 sophum
366 2435 438 2500 duci
466 2433 677 2498 iudicaverint
704 2434 862 2498 Antonius
889 2434 910 2498 l.
940 2436 961 2498 l.
990 2453 1033 2515 p.v
1050 2441 1083 2513 83
1113 2443 1151 2499 15
1181 2440 1213 2498 et
1241 2435 1403 2517 Wiggert
1435 2441 1475 2502 11

202 2559 232 2620 p.
257 2541 319 2604 131

306 2643 437 2723 Copiam
467 2659 561 2720 quam
590 2640 751 2719 potuimus
778 2642 956 2721 persecutis
985 2646 1086 2706 totam
1115 2641 1309 2707 sententiam
1339 2651 1479 2709 nostran

202 2747 247 2810 sic
269 2747 361 2810 nobis
384 2747 460 2810 licet
483 2745 685 2807 concludere:

256 2860 282 2916 1.
306 2851 356 2914 Ex
388 2851 491 2913 tribus
524 2848 587 2910 illis
622 2865 704 2926 quae
737 2847 771 2911 in
805 2847 884 2912 rhet.
916 2855 949 2911 et
985 2849 1046 2912 eth.
1081 2854 1207 2914 exstant
1240 2850 1281 2914 de
1316 2852 1478 2933 voluptati

304 2951 624 3018 commentationibus
658 2951 698 3013 ad
730 2939 977 3031 philosophandi
1016 2953 1227 3017 subtilitatem
1261 2955 1405 3019 redacta
1441 2975 1477 3018 un

304 3057 401 3121 veluti
425 3075 496 3119 cum
517 3054 694 3134 pulvisculo
718 3055 873 3118 exhausta
896 3057 1032 3120 materia
1055 3063 1105 3120 est
1127 3058 1224 3120 nulla.
1259 3059 1480 3140 Philosophia

302 3160 482 3240 praeceptis
507 3160 628 3222 severis
653 3163 685 3222 et
709 3158 788 3221 artis
811 3158 1010 3223 absolutione
1039 3161 1187 3225 conclusa
1211 3160 1272 3224 fuit
1295 3161 1412 3227 libello
1438 3165 1477 3226 111

305 3263 430 3344 perdito
462 3261 534 3345 περὶ
557 3257 677 3345 ἡδονῆς
704 3261 867 3340 inscripta
898 3263 937 3326 de
967 3281 1028 3342 quo
1052 3264 1214 3344 Diogenes
1245 3265 1403 3331 Laertius
1429 3287 1473 3330 me

305 3373 410 3431 morat
433 3368 469 3445 V,
494 3376 533 3434 ·21
559 3368 618 3432 sub
648 3384 778 3430 numero
803 3366 887 3443 XVI,
915 3385 1089 3446 anonymus
1112 3367 1279 3448 bleuagius
1309 3388 1337 3435 s,
1363 3390 1396 3435 n.
1424 3369 1475 3434 Xl'

305 3471 507 3536 Ptolemaeus
531 3472 616 3552 apud
633 3470 691 3533 lbn
715 3471 744 3536 el
767 3469 848 3534 Ilifti
872 3477 904 3535 et
925 3471 984 3534 lbn
1003 3470 1063 3534 Abi
1088 3471 1217 3534 Oseibia
1241 3491 1266 3542 s,
1288 3491 1319 3538 n.
1346 3473 1429 3537 XVI
1437 3481 1464 3516 ⁴⁸

252 3582 281 3639 2.
306 3575 394 3651 Quae
416 3574 448 3638 in
474 3576 554 3639 rhet.
581 3581 613 3637 et
637 3574 700 3636 eth.
725 3574 764 3637 dc
792 3573 966 3652 voluptatis
988 3580 1106 3637 natura
1129 3571 1317 3650 afferuntur,
1344 3576 1473 3639 membr

306 3683 380 3742 sunt
392 3678 526 3741 disiecta
539 3676 714 3740 communis
728 3675 891 3738 cuiusdam
904 3677 1079 3740 sententiae
1096 3676 1241 3741 omnibus
1254 3677 1293 3742 iis
1310 3679 1477 3744 subiectus

307 3781 407 3856 Quam
431 3783 470 3844 ob
494 3799 561 3843 rem
584 3779 639 3842 illa
662 3779 789 3858 quidem
811 3779 882 3856 ipsa
909 3779 993 3842 inter
1015 3798 1050 3844 se
1079 3782 1163 3845 omni
1186 3787 1279 3861 parte
1310 3800 1480 3864 congrum

306 3904 369 3948 non
400 3885 548 3948 videntur
581 3900 684 3960 neque
717 3899 848 3944 necesse
883 3888 945 3958 est,
979 3902 1110 3949 necesse
1146 3891 1195 3948 est
1224 3885 1332 3950 omnia
1365 3887 1409 3950 ab
1439 3887 1472 3950 ill

305 3988 461 4051 communi
483 4006 547 4050 non
570 3984 761 4050 dissentiant
784 3991 817 4048 ct
848 3984 874 4048 si
898 3987 939 4050 ad
968 4003 1038 4051 eam
1061 3987 1241 4052 referantur
1271 3991 1471 4071 repugnanti

307 4092 477 4158 diluantur.

251 4203 280 4259 3.
304 4197 375 4258 Non
398 4200 504 4259 exstat
525 4195 581 4259 illa
610 4193 783 4258 communis
807 4195 974 4272 sententia,
1004 4213 1098 4275 quarn
1121 4196 1241 4259 nullam
1265 4195 1366 4260 aliam
1391 4197 1469 4260 fuiss

305 4316 362 4362 nos
386 4299 460 4362 licet
483 4298 608 4380 opinari
631 4305 726 4376 atque
753 4297 808 4360 illo
832 4297 940 4360 libello
966 4299 1119 4377 peculiari
1146 4298 1349 4378 explicatam,
1383 4297 1476 4368 collis:

308 4408 414 4467 autem
436 4407 544 4482 potest
572 4422 610 4466 ex
633 4402 737 4465 tribus
761 4401 1028 4479 disputationibus
1051 4403 1203 4467 adhibitis
1220 4420 1292 4465 cum
1309 4403 1386 4468 aliis
1412 4402 1471 4466 loci

304 4514 371 4570 tum
394 4507 433 4570 de
462 4507 566 4570 anima
588 4503 680 4581 lll,7
703 4521 733 4583 p.
750 4509 835 4568 431a
856 4508 959 4568 8—12
985 4509 1017 4567 et
1039 4505 1120 4568 rhet.
1144 4503 1168 4582 1,
1196 4513 1231 4569 11
1258 4512 1420 4585 p.13702
1445 4509 1466 4568 ‘2

306 4617 339 4673 et
360 4611 427 4673 Nic.
452 4609 507 4686 IX,
531 4616 549 4673 9
574 4627 604 4688 p.
630 4614 736 4672 1170a
763 4614 818 4671 31:
