2968 5064
744 329 882 426 vro

216 537 419 602 enucleemus
443 538 610 618 contingit,
635 526 739 623 qualis
762 540 805 604 sit
827 541 881 605 illa
903 541 994 617 ratio,
1018 541 1045 606 si
1061 541 1101 606 ad
1117 543 1247 606 tertium
1270 543 1387 606 simile
1405 561 1465 621 agg

216 641 336 716 dimur,
364 659 426 720 qno
455 660 522 705 rem
552 641 709 706 illustrat:
739 637 811 707 οἷον
837 649 904 719 τοῖς
927 640 1116 726 stupratores}
1140 642 1218 724 ὅρα.
1266 645 1455 710 Interiorm

214 744 381 808 recondita
403 745 487 808 ratio
510 743 584 810 huic
607 747 841 828 comparationi
871 748 983 814 subest
1006 767 1046 812 au
1070 748 1211 828 idquod
1235 749 1378 830 quidam
1406 751 1458 812 rol

214 846 295 911 nihil
317 847 403 914 aliud
427 847 586 929 significat
608 867 646 913 ac
669 851 755 930 quod
778 851 825 915 rei
848 851 942 915 alicui
959 852 1084 932 positae
1103 851 1235 933 insuper
1257 869 1314 917 suo
1333 857 1381 916 ut
1400 853 1464 915 dici

215 951 321 1016 Marte
349 969 477 1032 semper
504 952 652 1017 accedit?
696 955 763 1018 Nos
790 954 917 1034 quidem
945 955 978 1020 id
1006 955 1183 1036 periculum
1212 974 1277 1019 nou
1305 973 1465 1020 recusam

216 1055 292 1134 quin
320 1055 362 1119 ad
390 1054 688 1136 reprehendendum
719 1058 897 1136 apertiores
926 1057 1039 1138 simne,
1069 1059 1154 1140 quod
1184 1059 1218 1122 in
1246 1059 1359 1140 scirpo
1394 1059 1462 1122 nod·

214 1177 371 1237 quaerere
387 1158 560 1237 videamur,
582 1177 686 1239 neque
701 1159 794 1224 nohis
812 1179 892 1242 opus
907 1167 957 1225 est
972 1162 1193 1242 pervulgatam
1209 1179 1376 1226 summam
1393 1163 1463 1243 ingr·

215 1262 318 1326 aciem
344 1263 612 1342 decantatamque
635 1263 817 1344 philosophi
841 1283 1014 1343 arcessere,
1037 1285 1089 1330 res
1111 1266 1182 1346 ipsa
1204 1267 1370 1345 loquatur.

317 1363 381 1430 Sed
408 1365 540 1446 limpida
569 1373 602 1430 et
624 1368 783 1448 completa
812 1369 1036 1448 explanatione
1058 1368 1244 1434 Aristotelis
1272 1369 1459 1434 destituti*

213 1467 326 1532 dacius
349 1467 623 1550 confidentiusque
646 1471 830 1535 coniectura
853 1473 981 1552 assequi
1004 1472 1109 1538 coacti
1131 1473 1259 1550 erimus,
1283 1490 1348 1552 quo
1378 1474 1465 1536 taml

213 1572 283 1636 iure
305 1573 503 1654 voluptatem
527 1592 598 1637 cum
620 1575 661 1658 τῇ
677 1569 746 1660 ᾥρᾳ
762 1581 935 1654 comparet,
961 1575 1199 1640 conclusionum
1215 1576 1298 1640 serie
1315 1577 1463 1640 evolver

212 1682 409 1742 structuram
424 1678 677 1760 cogitationum,
706 1678 745 1741 de
768 1696 831 1758 qua
853 1678 1064 1758 philosophus
1088 1680 1282 1744 conticescit.
1326 1681 1461 1744 Audaci

214 1798 277 1844 nnn
299 1789 419 1846 temere
442 1797 501 1844 nos
524 1780 628 1862 egisse
652 1781 729 1844 satis
753 1780 879 1845 lirnium
903 1783 945 1847 ad
967 1783 1167 1863 probandum
1188 1783 1221 1846 id
1237 1783 1313 1858 erit,
1338 1785 1436 1863 quod

216 1883 397 1965 plicationis
420 1882 509 1948 filum
532 1884 701 1964 diligenter
730 1885 906 1950 consectati
928 1886 960 1949 in
986 1885 1086 1966 ipsius
1112 1885 1295 1966 philosophi
1321 1886 1465 1968 cogitat

209 1988 379 2068 quoddam
401 1986 591 2068 incidemus,
615 1988 700 2067 quod
724 2005 760 2051 eo
783 1987 911 2052 nomine
934 1987 1099 2053 dumtaxat
1121 2006 1239 2068 ponere
1261 1989 1389 2068 potuit,
1424 2007 1465 2068 qu

215 2109 328 2156 cursus
352 2089 555 2171 cogitationis
578 2097 689 2155 nostro
713 2109 834 2171 aequus
858 2097 1065 2171 antegressus
1088 2099 1147 2157 est.

317 2195 400 2272 Quid
428 2191 464 2258 τὸ
495 2193 611 2269 κάλλος
640 2196 690 2271 sit,
706 2187 808 2260 ¹cuius
837 2197 962 2276 generis
992 2202 1043 2261 est
1069 2191 1090 2278 ἡ
1118 2192 1201 2276 ὥρα,
1231 2214 1397 2276 nusquam
1431 2215 1458 2257 so

215 2304 326 2381 aperte
360 2304 393 2363 et
423 2306 571 2364 accurate
605 2300 787 2380 explanavit
815 2300 1013 2379 Aristoteles,
1048 2300 1133 2364 unde
1166 2299 1335 2380 quicquam
1381 2301 1426 2363 de
1451 2298 1464 2358 il

213 2403 370 2468 societate
393 2403 507 2467 eoniici
532 2403 635 2482 possit
657 2405 775 2484 (Zeller
798 2424 827 2485 p.
852 2405 937 2487 tes).
982 2404 1029 2467 Ex
1051 2403 1091 2467 iis
1115 2409 1231 2481 autem,
1262 2421 1345 2483 quae
1378 2405 1422 2467 de

213 2508 344 2573 notione
368 2507 455 2582 dicit,
479 2507 513 2570 id
536 2507 663 2587 quidem
687 2506 770 2571 effici
792 2509 921 2573 videtur
942 2504 978 2572 τὸ
993 2505 1119 2585 κνίίλος,
1144 2509 1289 2588 quamvis
1311 2507 1345 2572 iu
1364 2509 1461 2572 verita

211 2612 372 2677 rationum
395 2611 595 2692 quarundam
624 2611 764 2692 positum
787 2612 887 2694 site),
916 2631 978 2692 qua
1004 2607 1121 2686 κάλλος
1148 2611 1302 2675 nonnisi
1329 2611 1365 2674 in
1396 2629 1464 2674 men

211 2717 372 2780 iudicante
394 2720 585 2789 exstar·e²⁵).
631 2715 746 2795 Itaque
773 2721 918 2780 autnon
945 2720 1000 2778 aut
1028 2719 1134 2780 mente
1162 2714 1322 2778 iudicante
1355 2715 1399 2778 ad
1431 2735 1461 2777 ιν

213 2816 371 2901 ἀκμαίους
393 2821 449 2903 τῆς
472 2817 559 2900 α’ίρας
581 2820 669 2885 notio
693 2819 863 2899 pertineat.
908 2818 978 2895 Qua
1007 2817 1168 2884 sententia
1196 2819 1237 2882 ad
1259 2823 1411 2882 nostram
1438 2837 1465 2880 rr

211 2923 383 2986 translata:
418 2928 475 2988 aut
507 2942 569 2988 non
603 2928 659 2989 aut
693 2926 798 2987 mente
831 2921 990 2986 iudicante
1024 2923 1065 2987 ad
1100 2919 1258 3004 ἐνέργειαν
1286 2923 1345 3004 τῆς
1382 2917 1461 3006 tydeo

210 3026 298 3091 notio
327 3027 481 3106 pertinet3
511 3032 544 3091 et
572 3032 758 3092 constanter
786 3025 983 3106 quaerimus,
1015 3026 1090 3106 quid
1117 3025 1236 3090 iudicet
1263 3025 1385 3089 anima.
1433 3026 1448 3088 l

211 3131 306 3195 modo
331 3136 466 3211 exstant,
502 3133 541 3197 de
569 3131 683 3212 quihus
709 3130 785 3194 solis
809 3131 861 3194 hic
886 3130 1008 3211 agitur:
1042 3130 1147 3194 anima
1170 3129 1324 3207 alterum,
1361 3129 1449 3193 alter

210 3233 357 3319 ἐνέργεια.
400 3237 462 3301 Illa
488 3237 619 3315 iudicat,
649 3236 688 3300 de
717 3237 776 3301 hac
799 3235 967 3298 iudicatur.
1019 3234 1080 3298 Est
1106 3239 1215 3298 antem
1243 3231 1391 3310 iudicare
1426 3233 1465 3296 ni

212 3342 299 3406 aliud
329 3347 425 3421 atque
455 3341 575 3420 aliquid
603 3342 644 3406 ad
673 3340 792 3420 aliquid
825 3338 912 3404 aliud
940 3335 1070 3402 referre.
1121 3337 1172 3401 Ad
1200 3336 1276 3416 quid
1304 3355 1386 3401 vero
1417 3337 1462 3401 ali

209 3446 331 3511 referat
363 3445 469 3510 anima
503 3441 662 3528 ἐνέργειαν
695 3449 791 3524 atque
825 3443 865 3508 ad
894 3461 928 3506 se
955 3442 1081 3522 ipsam‘.>
1131 3441 1224 3505 Unde
1253 3439 1337 3504 enim
1367 3441 1463 3504 tertio

210 3549 339 3613 sumat?
378 3549 464 3628 Ergo
487 3555 594 3613 utrum
610 3567 669 3612 sua
693 3545 831 3630 ἐνέργεια
846 3547 888 3610 sit
910 3563 1020 3624 necne,
1044 3544 1077 3608 id
1098 3546 1204 3610 anima
1226 3561 1284 3624 per
1299 3543 1463 3624 voluptate

209 3659 242 3717 et
264 3652 408 3716 dolorem
430 3651 558 3731 indicat,
586 3652 691 3716 velut
714 3650 817 3730 magis
840 3654 988 3728 emergat
1006 3648 1109 3714 oratio
1131 3655 1239 3712 utrum
1262 3665 1338 3734 suae
1363 3654 1465 3713 natm·

209 3760 425 3820 consentanea
448 3756 499 3821 sit.

312 3859 364 3924 Sic
391 3859 456 3923 iam
484 3858 591 3940 pergit
619 3857 807 3922 Aristoteles
840 3861 884 3936 (p.
916 3853 1314 3938 1174b33—1ltsaop
1360 3852 1424 3929 ἕως
1459 3886 1464 3907 1

208 3953 273 4028 οὖν
300 3959 337 4027 τό
365 3983 398 4024 τε
425 3957 546 4045 νοητὸν
573 3957 595 4044 ἢ
619 3956 783 4044 ἀἰσθητὸν
811 3951 833 4046 ᾖ
863 3953 934 4023 οἷον
957 3957 1078 4022 δεῖκαὶ
1100 3955 1136 4022 τὸ
1158 3964 1273 4039 κρῖνον
1299 3955 1321 4040 ἢ
1343 3965 1451 4043 tempo

206 4066 292 4132 ἔσται
321 4063 356 4130 ἐν
382 4068 422 4151 τῇ
449 4063 589 4152 ἐνεργείᾳ
616 4060 637 4148 ἡ
665 4060 780 4148 ἡδονή·
819 4065 943 4146 ομοίων
968 4062 1030 4146 poio
1054 4061 1160 4128 ὄντων
1186 4057 1344 4141 καὶπρὸς
1372 4060 1449 4146 detq

205 4169 263 4236 τὸν
286 4167 387 4234 αὐτὸν
409 4168 531 4252 τρόπον
554 4167 693 4252 ἐχόντων
712 4172 773 4233 τοῦ
786 4191 819 4233 τε
841 4171 1025 4252 παθητικοῦ
1047 4166 1100 4231 καὶ
1116 4189 1175 4230 του
1197 4168 1368 4249 ποιητικοῦ
1391 4164 1463 4231 aurit

206 4272 331 4357 πέφυκε
353 4275 510 4355 γίνεσθαι.
549 4272 612 4338 Ubi
635 4274 779 4354 integrae
796 4241 877 4338 duae
894 4272 993 4337 series
1014 4271 1100 4335 inter
1123 4289 1157 4335 se
1180 4269 1412 4350 respondentes
1430 4272 1461 4334 ha

206 4383 296 4444 sunt:
321 4373 486 4459 αἰσθητόν,
503 4374 631 4461 νοητόν,
647 4377 817 4460 θεωρητόν
834 4381 866 4440 et
882 4373 1129 4456 αἰσθανόμενον,
1147 4371 1390 4454 διανοούμενον,
1406 4381 1463 4438 era

206 4483 297 4566 ροῦν,
319 4479 511 4545 Aristoteles
534 4485 642 4546 autem
666 4499 704 4544 ex
726 4479 783 4544 illa
805 4485 971 4543 enumerat
994 4479 1130 4542 alterum
1146 4480 1178 4540 ot
1199 4473 1346 4556 primum,
1369 4495 1407 4542 ex
1428 4479 1461 4542 ha

205 4585 342 4650 alterum
372 4587 404 4646 et
426 4584 557 4648 tertium
580 4589 613 4648 et
635 4602 693 4665 pro
717 4583 842 4670 διανοίᾳ
866 4587 899 4646 et
919 4583 1051 4668 θεωρίᾳ,
1082 4599 1159 4661 quas
1188 4597 1285 4660 saepe
1313 4579 1392 4644 alias
1413 4597 1464 4648 con
