2968 5064
731 329 943 426 „23-

193 539 227 602 in
262 539 471 604 ehiastischer
509 538 710 620 Aufzohlung
743 540 793 604 die
826 539 943 623 ηόοναὶ
976 539 1031 606 καὶ
1065 542 1163 604 λύπαι
1196 539 1248 602 die
1270 535 1404 619 πάθη,
1436 537 1457 599 d

195 641 343 724 λογισμοὶ
370 642 436 707 und
467 642 630 726 αἰσθήσεις
665 644 715 707 die
747 641 824 726 ἔργα
851 646 966 726 ψυχῆς.
1028 642 1201 706 Ofi'cnbar?
1247 641 1348 706 Itane
1393 659 1448 702 ven

194 744 307 825 Neque
320 745 489 826 quicquam
504 745 604 811 refert
619 747 704 827 quod
721 741 884 828 αἰσθήσεις
899 765 962 810 non
975 765 1089 826 parum
1101 746 1181 810 satis
1197 741 1289 827 πάθη
1306 744 1454 808 dicuntur

197 848 281 926 Quid
297 850 382 928 quod
398 846 553 931 ἐπιθυμία
567 869 692 930 quoque
707 851 875 916 Aristoteli
891 858 924 914 et
939 847 1046 924 πάθος
1069 850 1153 930 (Nic.
1171 848 1212 925 ll,
1231 857 1251 912 4
1268 867 1300 928 p.
1317 849 1458 914 1105b2·

195 949 277 1034 λέγω
300 949 334 1016 δέ
349 950 439 1036 πάθη
454 950 513 1034 μέν
529 951 714 1036 ἐπιθυμίαν)
732 961 766 1020 et
784 951 922 1036 ἐνέργεια
936 956 997 1017 τοῦ
1012 949 1148 1036 ἥδεσθαι
1162 953 1292 1016 videtur
1308 951 1372 1035 (de
1391 949 1459 1012 enin

195 1055 254 1136 ΙΙΙ,
273 1062 290 1122 7
309 1075 339 1136 p.
356 1064 437 1123 431⁸
457 1063 495 1122 12
519 1055 573 1121 καὶ
594 1051 614 1140 ἐγ
639 1055 728 1142 φυγὴ
752 1055 785 1122 δέ
808 1057 862 1122 καὶ
885 1052 904 1141 ἦ
929 1054 1030 1138 ὄρεξις
1045 1059 1142 1120 τοῦτο
1166 1056 1224 1136 (sc.
1241 1061 1428 1148 inscindat
1441 1078 1463 1105 ι

196 1155 345 1242 ἥδεσθαι)
368 1154 388 1243 ἡ
412 1155 479 1223 κατ’
495 1157 690 1243 {adoptarunt
723 1161 855 1226 Cautius
877 1161 962 1226 idem
986 1159 1026 1225 ad
1052 1161 1153 1226 1109b
1171 1165 1228 1226 30:
1252 1177 1300 1223 wo
1326 1156 1462 1222 enema*

194 1258 311 1344 ἡδοναὶ
332 1263 386 1326 καὶ
408 1266 506 1327 λῦπαι
522 1264 622 1328 durch
637 1261 727 1347 πάθη
744 1265 947 1330 substituiert
968 1285 1008 1330 zu
1028 1264 1096 1330 sein
1120 1260 1280 1328 scheincn.
1324 1261 1463 1340 Equidc

198 1367 245 1431 ita
267 1385 400 1448 prorsus
423 1368 568 1432 existimo
591 1369 677 1434 idem
699 1371 785 1449 apud
809 1371 1017 1436 Aristotelem
1039 1374 1108 1434 tum
1130 1364 1290 1449 ἐνέργειαν
1312 1366 1374 1430 vel
1399 1361 1450 1444 ἐργ

195 1470 248 1534 vel
271 1471 387 1550 πρᾶξιν
409 1477 477 1536 tum
493 1469 600 1546 πάθος
615 1473 666 1536 uel
687 1469 822 1556 πάθημα
843 1474 950 1538 vocari
973 1474 1063 1538 salva
1085 1471 1223 1552 quadam
1244 1470 1332 1534 inter
1361 1469 1460 1546 singu

199 1573 396 1655 differentia;
430 1575 582 1656 quidquid
610 1576 694 1640 enim
720 1577 815 1640 modo
850 1577 955 1642 altera
982 1596 1020 1641 ex
1047 1575 1173 1640 ratione
1201 1577 1342 1654 apparet
1374 1569 1462 1638 πάσι]

193 1679 321 1743 scillcet
344 1697 415 1744 cum
439 1680 503 1743 alia
525 1700 560 1743 re
582 1684 739 1759 movetur,
766 1679 852 1743 idem
881 1681 976 1746 modo
1004 1680 1108 1744 altera
1131 1677 1318 1742 erratione
1344 1672 1455 1754 ἐνέργι

199 1800 271 1846 esse
291 1787 409 1862 potest,
433 1781 555 1846 scilicet
577 1800 648 1846 cum
675 1783 780 1863 ipsum
798 1781 897 1846 aliud
925 1787 1042 1848 movet.
1087 1781 1171 1846 Vide
1194 1786 1351 1860 quantum
1378 1778 1460 1842 vitiu

197 1886 240 1950 sit
263 1885 389 1964 Kaasii‚
418 1887 472 1966 qui
499 1891 535 1949 ut
557 1883 714 1969 ἐνεργείας
739 1905 855 1951 nomen
883 1889 1067 1966 amoliatur,
1096 1883 1204 1959 πάθος
1233 1885 1443 1964 voluptatem

197 1989 390 2071 philosopho
419 1990 615 2070 appellatam
644 2009 714 2054 esse
743 1993 932 2070 pervincere
961 1991 1098 2056 studeat.
1144 1987 1261 2062 Πάθος
1289 1987 1398 2068 igitur
1421 2003 1461 2048 ea

199 2094 319 2158 dietam
341 2111 412 2156 esse
432 2093 564 2173 patitur.
614 2093 735 2170 Quodsi
757 2092 827 2156 Nic.
843 2093 883 2172 ΙΙ,
900 2104 921 2161 4
936 2113 967 2174 p.
986 2102 1067 2161 1105
1086 2096 1144 2160 ¹³21
1166 2092 1319 2172 scriptum
1336 2090 1461 2154 videno

198 2194 278 2280 λέγω
303 2194 337 2260 δὲ
359 2192 449 2280 πάθη
473 2194 532 2278 μὲν
554 2195 737 2278 ἐπιθυμίαν,
761 2193 873 2280 ὀργήν,
898 2196 1021 2278 φόβον·
1037 2193 1173 2278 θράσος,
1198 2192 1346 2277 φθόνον,
1375 2187 1460 2275 χαράν

198 2302 319 2383 φιλίαν,
347 2305 448 2382 μίσος,
476 2297 594 2374 πόθον,
625 2303 741 2383 Criton.
759 2301 855 2383 έλεον,
888 2301 971 2378 ὅλως
999 2297 1047 2378 οἷς
1076 2301 1182 2366 ἐπειαι
1211 2297 1312 2382 ἡδονὴ
1335 2296 1369 2382 ἢ
1392 2296 1460 2372 λύπη

198 2423 303 2469 nonne
326 2404 377 2468 vel
399 2403 473 2468 inde
497 2422 623 2484 quoque
646 2404 673 2468 si
695 2424 759 2469 nou
781 2409 944 2487 probatur,
967 2413 1001 2471 at
1025 2405 1251 2471 verisimilefit
1264 2412 1302 2468 ut
1315 2403 1363 2468 ibi
1382 2400 1460 2466 πάσι

198 2511 254 2590 τῆς
270 2503 391 2590 ἡδονῆς
406 2513 562 2586 sequatur
576 2506 615 2570 τά
629 2504 730 2591 πάθη,
744 2510 789 2573 sic
806 2510 891 2590 quod
902 2513 942 2598 τῇ
954 2508 1095 2597 ἐνεργείᾳ
1109 2507 1214 2574 ἕπεται
1225 2509 1277 2590 (Χ,
1291 2517 1359 2588 41).
1376 2511 1453 2572 1175

199 2617 230 2692 5)
258 2613 364 2692 ipsum
393 2629 520 2691 quoque
549 2629 620 2675 esse
647 2609 828 2694 ἐνέργειανῖ)
878 2616 928 2679 De
957 2612 1089 2678 ἕπεσθαι
1117 2613 1215 2678 verbo
1238 2612 1417 2677 videndum
1440 2623 1462 2668 c?

196 2717 285 2780 Kaas
307 2721 340 2795 p.
355 2723 405 2791 45,
429 2715 482 2794 qui
503 2714 666 2779 Bonitium
694 2716 808 2781 laudat
835 2718 869 2780 iu
897 2717 1001 2782 indice
1024 2737 1049 2786 s.
1073 2738 1101 2782 v.
1124 2715 1265 2796 ἕπεσθαι,
1288 2715 1380 2779 unde
1405 2731 1462 2776 coru

196 2821 340 2902 perimus
362 2820 447 2885 idem
470 2838 585 2884 sonare
607 2818 739 2885 ἕπεσθαι
761 2827 858 2902 atque
872 2820 1075 2898 ἀκολουθεῖν,
1090 2815 1245 2902 ὑπάρχειν
1260 2821 1332 2902 τινί,
1349 2837 1461 2897 καπηγ·

198 2925 326 3000 ρεῖσθαί
347 2946 447 3000 τινος,
476 2930 509 2988 et
533 2925 714 2988 accuratius
737 2925 778 2988 ad
800 2927 942 3007 metaph.
966 2925 997 2989 Π
1019 2945 1050 3006 p.
1066 2933 1122 2992 42:
1146 2943 1209 3004 quo
1232 2922 1363 3003 quidem
1388 2919 1459 2984 vert

198 3024 394 3091 ἀκολουθεῖν
422 3027 544 3106 pariter
571 3046 609 3092 ac
637 3030 737 3094 verbo
767 3026 900 3094 έπεσθαι
921 3029 1112 3094 Aristoteles
1142 3028 1275 3091 denotat
1300 3025 1463 3106 praedica

197 3131 340 3212 aliquam
363 3130 525 3194 noti0nem
549 3131 588 3195 de
610 3129 725 3212 alteru,
747 3132 794 3196 ita
816 3139 853 3196 ut
873 3133 935 3198 hec
956 3133 1064 3213 posita
1077 3131 1134 3194 illa
1149 3131 1247 3196 etiam
1266 3129 1421 3210 ponenda
1437 3123 1462 3187 st

199 3236 267 3300 Nos
295 3253 372 3299 vero
397 3234 584 3298 adiiciamus
611 3235 731 3300 nnllam
761 3236 855 3299 aliam
877 3236 942 3299 vim
965 3236 1141 3301 subiectam
1164 3252 1235 3298 esse
1257 3250 1358 3313 posse
1380 3225 1458 3296 verli

200 3335 282 3402 καιά
298 3340 406 3401 πᾶσαν
421 3337 571 3420 αἴσθησιν
588 3343 648 3403 etc.
665 3357 736 3403 esse
752 3335 885 3422 ἡδονήν.
930 3339 1021 3405 Licet
1042 3339 1142 3419 igitur
1163 3336 1256 3402 nobis
1278 3340 1371 3400 recte
1388 3349 1457 3412 supr

199 3462 239 3506 ox
254 3442 295 3506 X.
310 3441 384 3506 libri
398 3441 468 3509 Nic.
486 3442 752 3507 commentatione
772 3443 939 3525 collegisse
953 3443 1119 3506 videamur
1134 3437 1293 3522 ἐνέργειαν
1307 3440 1362 3503 vel
1379 3437 1460 3503 πάθο

199 3545 240 3609 ab
263 3544 437 3608 Aristotele
459 3545 656 3626 voluptatem
679 3545 791 3610 sinon
816 3547 949 3622 dictam,
981 3551 1016 3608 at
1043 3546 1246 3610 intellectam
1268 3561 1353 3619 esse,
1387 3539 1458 3607 nihil

199 3647 304 3713 secius
328 3666 398 3710 cum
422 3644 554 3713 ἕπεσθαι
576 3646 716 3737 ἐνεργείᾳ
747 3650 797 3713 vel
825 3647 923 3714 πάθει
944 3649 995 3714 vel
1018 3643 1098 3712 εἶναι
1120 3651 1201 3712 κατά
1223 3666 1262 3712 ca
1284 3646 1458 3727 voluptate

198 3753 302 3830 docet,
326 3750 460 3815 eandem
476 3748 644 3834 ἐνέργειαν,
666 3752 752 3818 ἱᾶσιν
770 3749 885 3830 πάθος,
909 3752 996 3832 quod
1018 3757 1183 3832 sequatur,
1201 3770 1271 3834 eam
1287 3767 1362 3814 csse
1377 3765 1463 3827 nega

302 3855 392 3918 Haec
414 3855 513 3935 igitur
534 3859 653 3920 παθεῖν
669 3862 702 3922 et
720 3855 887 3939 ἐνεργειῶν
902 3855 1073 3920 alternatio
1098 3858 1229 3919 auctore
1244 3853 1420 3918 Aristotele
1442 3849 1462 3908 ν’

199 3958 387 4022 statuenda:
959 3979 962 3985 *

301 4061 461 4142 Αἴσθησις
480 4061 531 4125 vel
547 4058 673 4129 διάνοια
687 4064 739 4128 vel
753 4065 877 4143 θεωρία
892 4069 943 4126 cst
956 4057 1073 4143 πάθος,
1096 4079 1160 4146 qua
1174 4063 1220 4146 τῷ
1236 4061 1384 4146 αἰσθητῷ
1407 4079 1434 4138 η.
1453 4073 1461 4112 ε’

199 4183 258 4244 per
285 4181 414 4228 sensum
442 4165 683 4232 convenientem
710 4167 743 4230 in
771 4165 879 4230 anima
901 4165 1113 4243 excitatura).
1156 4163 1297 4228 Eaedem
1318 4179 1399 4228 vero
1423 4177 1462 4239 qu

197 4267 249 4331 his
273 4267 378 4332 causis
401 4267 559 4332 excitatae
582 4276 657 4334 suut
678 4289 800 4351 perque
822 4287 876 4333 eas
900 4269 1005 4333 anima
1028 4269 1105 4349 agit,
1129 4265 1279 4351 ἐνέργειαι
1301 4269 1387 4330 sunt.

305 4371 393 4448 Quae
417 4367 567 4454 ἐνέργειαι
588 4378 621 4438 et
642 4373 733 4454 ipsae
756 4373 894 4437 animam
908 4373 1023 4452 ipsam,
1046 4391 1110 4434 non
1125 4391 1184 4452 per
1200 4357 1313 4436 sensus
1329 4366 1460 4434 afficiunt

203 4474 297 4552 Quod
326 4474 431 4539 aninlo
459 4471 628 4557 ἐνεργείαις
655 4477 721 4541 illis
753 4475 878 4557 potitur
911 4475 965 4558 (cf.
989 4477 1031 4542 de*
1057 4475 1162 4541 anima
1184 4475 1228 4554 Il,
1254 4481 1272 4540 5
1295 4491 1326 4554 p.
1342 4479 1449 4540 417⁸l

197 4577 305 4642 πάντα
332 4576 365 4642 δὲ
387 4575 499 4659 πάσχει
527 4577 580 4641 καὶ
602 4586 733 4644 κινεῖται
754 4575 820 4643 ὑπὸ
843 4581 904 4642 τοῦ
926 4582 1099 4663 ποιητικοῦ
1121 4577 1175 4644 καὶ
1198 4577 1338 4663 ἐνεργείᾳ
1362 4575 1458 4656 ὄντος)

1451 1157 1462 1218 2-—
