2968 5064
205 532 277 598 vll.
309 533 342 598 in
377 532 589 614 suspicionem
622 538 738 598 vocent
770 537 961 614 argumenta
993 533 1213 614 repetiverunt
1247 553 1286 597 ex
1323 533 1411 598 libri
1440 533 1467 596 tl

203 636 366 717 capitibus
388 635 577 704 xit-XV.

304 741 397 817 Quod
419 746 526 809 autem
551 759 646 823 quam
668 739 751 804 viam
776 740 816 805 ad
840 739 1065 805 auctoritatem
1091 757 1201 804 eorum
1225 737 1394 804 librorum
1421 758 1467 803 cor

203 843 347 908 munium
373 843 588 927 indagandam
616 842 787 908 Leonhard
815 842 951 923 Spengel
986 842 1144 923 quondam
1174 843 1467 920 commendavit:

200 945 235 1008 in
274 947 458 1012 Aristotelis
497 944 761 1013 consuetudinem
805 945 960 1010 sermonis
998 945 1245 1027 inquireremus
1288 965 1331 1010 ea
1377 947 1467 1012 exitu

202 1048 306 1114 adhuc
332 1049 445 1114 habuit
471 1050 607 1128 nullum,
637 1067 707 1113 cum
737 1048 779 1114 ab
802 1049 979 1126 Euckenio,
1003 1049 1155 1130 Webero,
1188 1049 1290 1132 aliis³)
1315 1047 1467 1128 diligent

201 1156 415 1234 accurateque
436 1153 518 1217 inita
533 1153 576 1217 sit
597 1170 661 1216 non
683 1152 724 1217 ab
746 1153 786 1216 iis
810 1152 938 1232 quidem
961 1153 1001 1218 ad
1017 1171 1085 1234 rem
1101 1158 1244 1218 nostram
1267 1151 1382 1233 ipsam
1409 1171 1467 1232 spa

200 1255 354 1334 tentibus,
370 1274 408 1321 eo
424 1257 525 1338 magis
540 1256 704 1333 habemus
722 1273 780 1321 cur
797 1256 931 1321 alteram
947 1255 1104 1320 rationem
1121 1256 1317 1336 excipiamus
1335 1261 1460 1320 vetere

199 1364 238 1422 ut
270 1377 323 1424 res
356 1360 484 1440 penitus
518 1363 759 1440 perscrutemur
793 1377 967 1440 earumque
999 1357 1270 1425 continuationem
1299 1366 1334 1426 et
1366 1363 1460 1426 ser-iu

201 1461 411 1528 dubiornmne
434 1468 622 1543 argumenta
643 1462 799 1527 librorum
820 1463 918 1526 trium
947 1481 986 1526 ex
1017 1461 1180 1527 firmorum
1207 1481 1289 1528 nexa
1318 1469 1354 1530 et
1387 1485 1467 1529 omn

199 1569 287 1631 inter
309 1585 344 1631 se
366 1570 443 1647 apta
465 1565 679 1646 colligataque
702 1583 773 1630 esse
796 1564 975 1631 videantur.

303 1669 460 1747 Quoniam
482 1675 588 1735 autem
611 1669 715 1734 ultera
738 1669 882 1750 quaestio
906 1670 946 1734 ab
970 1669 1074 1733 altera
1095 1669 1260 1750 segregari
1280 1689 1346 1735 non
1373 1657 1467 1842 poreq

200 1773 340 1856 primum
360 1773 578 1840 necessarium
607 1772 670 1840 erit
697 1774 773 1853 quid
797 1773 988 1838 Aristoteles
1015 1774 1215 1854 voluptatem
1245 1769 1329 1840 esse
1347 1778 1457 1840 volum

200 1897 239 1942 ex
265 1877 503 1943 commentariis
531 1877 594 1941 illis
620 1877 724 1942 tribus
752 1882 911 1955 statuere,
943 1877 1058 1941 deiude
1091 1896 1173 1957 quae
1207 1881 1290 1944 ratio
1320 1879 1413 1944 inter
1438 1863 1467 1944 oi

202 1981 383 2047 intercedat
404 1980 523 2046 videre.
566 1981 615 2045 En
637 1999 676 2045 ea
698 1982 737 2046 de
761 1981 826 2045 eth.
842 1980 911 2044 Nic.
928 1979 997 2059 Vll,
1024 1989 1147 2047 12-15
1171 1979 1234 2047 fide
1257 1983 1408 2047 iudicare
1434 2004 1467 2063 p-

196 2085 342 2152 terimus.
391 2083 438 2147 Et
461 2084 536 2163 quia
563 2084 720 2164 quaedam
745 2102 849 2164 neque
871 2103 909 2148 ea
932 2084 1037 2147 omnia
1058 2084 1141 2148 levia
1163 2103 1226 2149 non
1249 2085 1464 2150 animadvers*

197 2187 355 2269 quaedam
375 2188 479 2252 minus
502 2192 590 2252 reete
604 2191 757 2268 percepta
772 2186 849 2252 mihi
864 2186 1012 2251 videntur
1026 2205 1097 2252 esse
1113 2194 1147 2252 et
1162 2189 1202 2252 ab
1217 2187 1256 2253 iis
1272 2189 1326 2269 qui
1341 2191 1459 2269 priora

195 2291 375 2356 ethicorum
398 2291 648 2372 disputationem
664 2290 833 2356 Aristoteli
848 2289 1014 2370 assignant
1037 2295 1071 2354 et
1093 2290 1134 2355 ah
1157 2291 1197 2355 iis
1220 2291 1275 2372 qui
1297 2291 1460 2358 ahiudicm

196 2399 231 2460 et
257 2394 291 2460 in
312 2393 483 2460 rhetoricis
512 2394 552 2458 ab
577 2395 737 2474 omnibus,
767 2395 807 2459 de
836 2394 962 2475 integro
992 2411 1058 2457 rem
1086 2399 1231 2460 tractare
1255 2395 1378 2460 licitum
1407 2397 1460 2460 mil

197 2515 445 2578 concessumque
477 2497 520 2562 sit
553 2516 624 2562 curn
658 2497 744 2564 bona
777 2516 887 2562 eorum
921 2496 1062 2562 virorum
1095 2498 1262 2562 doctorum
1289 2498 1397 2576 venie,
1431 2517 1466 2578 clu

196 2608 273 2666 ante
293 2620 345 2668 me
368 2602 407 2665 de
430 2602 541 2666 eadem
564 2620 599 2666 re
623 2603 741 2682 optime
763 2601 871 2666 meriti
894 2605 977 2666 sunt.
1465 2687 1466 2690 Ἴ

298 2705 438 2770 Proinde
461 2705 493 2768 in
516 2703 628 2786 primis
651 2724 690 2770 ex
712 2704 892 2786 posteriore
907 2705 1191 2769 Nicomacheorum
1213 2695 1466 2770 commentatiou'

196 2809 274 2891 quid
289 2809 481 2874 Aristoteles
503 2809 700 2888 voluptatem
719 2827 790 2874 esse
807 2808 944 2872 senserit
959 2809 1119 2876 rimemur.
1149 2810 1232 2874 Nam
1247 2810 1279 2872 in
1294 2811 1460 2890 praesenti

197 2913 231 2977 id
259 2913 388 2993 quidem
416 2917 467 2978 est
493 2912 667 2978 tenendum
696 2930 766 2977 cam
793 2931 889 2978 unam
918 2931 937 2976 a
966 2910 1084 2977 criticis
1114 2911 1206 2976 nobis
1223 2912 1379 2976 'relictam
1408 2933 1454 2977 ess

195 3018 359 3095 intactam,
383 3036 422 3080 ex
444 3035 508 3097 qua
528 3033 605 3080 vera
626 3015 811 3096 philosophi
834 3015 873 3079 de
896 3015 1069 3095 voluptatis
1094 3019 1210 3078 natura
1226 3017 1387 3080 sententia
1401 3036 1455 3082 enu

194 3121 298 3200 detur,
327 3124 500 3202 postquam
528 3119 761 3202 Panaetium),
789 3120 843 3199 qui
866 3119 954 3183 solus
978 3137 1048 3183 eam
1072 3119 1241 3196 reiecerat,
1264 3117 1330 3183 iam
1359 3121 1456 3184 dudm

193 3223 347 3288 refutavit
377 3222 553 3304 Spengeh).
603 3221 681 3287 Tum
710 3222 835 3287 demum
863 3223 896 3286 in
924 3221 1076 3287 auxilium
1107 3240 1256 3287 vocemus
1283 3222 1365 3290 rhet.
1388 3225 1413 3302 l,
1437 3234 1457 3292 ll

103 3399 104 3404 ἵ
196 3332 386 3406 ceterosque
409 3326 510 3403 lorea,
533 3326 588 3406 qui
611 3331 686 3390 sunt
708 3326 748 3390 de
771 3331 954 3402 nostrane,
983 3325 1185 3406 quiquidem
1209 3333 1297 3392 certo
1320 3329 1385 3395 sint
1404 3333 1461 3396 Au·

194 3429 330 3507 stotalis,
353 3434 398 3509 ut,
415 3430 519 3510 quoad
536 3429 604 3494 cius
619 3427 689 3494 fieri
704 3433 822 3510 potest,
846 3433 935 3494 certa
949 3427 1162 3508 inquisitionis
1177 3434 1308 3496 nostrae
1322 3432 1461 3499 iac-lamp

194 3532 413 3598 fundamenta.

271 3794 310 3858 A.
340 3795 396 3858 De
424 3763 654 3875 posteriore
683 3793 1037 3858 Nicomacheorum
1065 3793 1402 3860 commentatione.

527 3916 581 3998 (X,
602 3919 1136 3995 1—5p.1172219-1176229).

295 4053 453 4129 Quocirca
476 4058 655 4134 opportune
678 4052 802 4131 accidit,
828 4053 912 4133 quod
935 4053 1095 4133 posterior
1123 4053 1179 4116 illa
1208 4051 1382 4117 ethicorum·
1404 4057 1457 4119 dis-

191 4157 318 4238 putatio
340 4157 439 4221 multo
463 4161 514 4221 est
535 4157 761 4237 praestantior,
786 4161 819 4221 et
842 4156 1002 4237 copiosior
1026 4162 1059 4221 et
1082 4155 1271 4234 accuratior,
1295 4161 1330 4218 ut
1350 4176 1386 4222 ex
1408 4159 1455 4223 hoc

191 4263 282 4325 certa
296 4259 477 4340 philosophi
493 4261 651 4325 sententia
673 4260 771 4325 semel
793 4279 873 4340 pure
895 4260 1001 4326 evicta
1024 4278 1097 4340 spes
1120 4260 1170 4338 sit,
1194 4258 1270 4339 quid
1293 4260 1331 4324 de
1353 4263 1455 4326 ceteris

190 4364 271 4428 locis
287 4363 521 4429 aestimandum
537 4365 579 4428 sit
600 4381 659 4428 nos
681 4363 822 4430 iudicare
844 4381 949 4443 posse.
987 4363 1186 4443 Quamquam
1209 4362 1302 4428 valde
1324 4373 1413 4442 erret,
1433 4365 1452 4426 ri

192 4465 263 4548 quis
279 4467 395 4550 omnia,
417 4485 498 4548 quae
519 4467 559 4532 de
582 4467 756 4548 voluptatis
771 4472 887 4532 natura
902 4468 1048 4546 senserit,
1071 4468 1202 4549 integra
1213 4465 1409 4549 perfectaque
1423 4487 1450 4532 m

191 4569 417 4651 philosophum
444 4569 601 4651 praehere
628 4570 719 4636 nobis
747 4574 853 4652 putet;
888 4570 1023 4651 vestigia
1058 4576 1186 4636 exstare
1220 4569 1390 4636 videbimus
1418 4572 1450 4636 ol
